2504 4770
166 565 493 644 CONSPECTUS
544 549 959 684 DISPUTATloles

342 814 774 842 w

84 1047 215 1111 CAPUT
235 1051 259 1112 1.
296 1067 335 1110 oo
355 1063 585 1110 suacinensem)
605 1059 745 1112 nouenos
764 1062 919 1110 uacasse,

187 1213 205 1224 ,,
252 1157 282 1229 §.
309 1171 334 1212 1.
355 1153 399 1212 De
417 1153 532 1221 carceris
550 1170 620 1214 uoce.

251 1285 290 1298 -
309 1274 336 1316 u.
355 1256 400 1314 An
413 1274 505 1314 carcer
524 1260 585 1316 iure
600 1253 722 1313 Romano
729 1251 822 1328 fuerit
832 1252 901 1313 locus
916 1266 1040 1317 sauctus.

253 1390 291 1406 -
309 1376 337 1433 3.
356 1361 400 1448 12e
419 1364 613 1433 antiquissimis
630 1360 706 1420 urbis
723 1360 825 1418 Romae
842 1361 1005 1420 carceribus.

253 1495 291 1510 ···
310 1483 339 1542 4.
358 1466 402 1524 De
420 1468 481 1524 loris
508 1465 584 1524 urbis
601 1459 702 1522 Romae
730 1463 873 1535 inquibus
893 1462 923 1523 lei
939 1481 1034 1522 cacce-

363 1585 406 1626 res
424 1568 565 1640 aelbicati
571 1563 694 1642 fuerint.

252 1701 292 1715 -·
309 1687 339 1748 5.
357 1671 402 1730 De
419 1675 547 1730 latomiis.
863 1747 867 1754 Ι
912 1736 914 1742 ,

255 1801 293 1816 -
312 1775 342 1836 6.
361 1771 406 1830 De
424 1774 518 1831 robore
535 1791 555 1834 a
572 1789 640 1830 saxo
658 1772 769 1849 Tarpeio
787 1771 901 1832 diuerso.

254 1910 293 1926 -
311 1894 339 1955 7.
358 1878 403 1937 De
419 1880 513 1938 robore
530 1877 555 1936 a'
567 1879 689 1938 Tulliano
707 1879 820 1941 diuerso.
888 1903 891 1910 ²

251 2009 290 2026 ·-
310 1979 338 2042 8.
357 1981 402 2040 De
413 1978 509 2058 fhrma
527 1993 645 2041 externa
663 1993 692 2042 et
709 1982 742 2040 de
759 1983 837 2041 scalis
855 1982 998 2042 Gemoniis.

51 2157 55 2164 ¹
88 2115 217 2132 -··-·-
236 2085 278 2146 11.
316 2101 461 2160 Qunassom
494 2102 566 2145 wne
592 2102 720 2146 nonnus>
751 2103 937 2146 consessum
966 2103 1037 2145 soe·
1114 2141 1117 2154 „

219 2229 221 2232 -
314 2201 406 2257 suus,
436 2165 476 2242 sic
496 2201 565 2256 Quss
595 2202 712 2246 summos
736 2203 900 2250 accusemus
918 2203 1036 2248 remens

320 2305 353 2347 ms
373 2302 532 2347 concessum
551 2302 744 2349 succussus.

259 2395 340 2469 §.·1.
362 2392 575 2450 Observationes.
609 2398 614 2403 “

255 2525 294 2539 ·-
311 2511 340 2555 s.
359 2493 403 2560 De
420 2487 635 2554 accusationibus
648 2493 766 2569 publicis
783 2506 849 2584 aute
864 2496 947 2572 legem
959 2495 1039 2556 Rem·

370 2603 465 2657 mium.
624 2663 625 2668 η

259 2732 298 2748 -
316 2717 345 2774 3.
363 2698 407 2758 De
425 2702 482 2775 lege
497 2699 631 2758 Remmia.

258 2838 298 2852 -
315 2823 345 2882 4.
363 2805 407 2864 De
426 2804 666 2863 calumniatoribus
682 2802 731 2860 sub
749 2800 969 2880 Imperatoribus.

179 2895 181 2900 ’
259 2893 298 2955 --Ι
316 2922 344 2983 5.
363 2908 408 2968 De.
425 2908 615 2983 subscriptione
634 2911 794 2968 lacrimem.
829 2909 830 2914 ’

260 3145 298 3160 -
315 3132 345 3193 7.
363 3117 408 3176 De
426 3116 616 3191 subscriptione
645 3117 675 3173 in
704 3118 804 3173 crimen
827 3115 875 3172 sub
892 3112 1040 3192 Imperato-

362 3220 448 3280 ribus
467 3217 640 3279 Christianis.

261 3352 299 3368 -
318 3323 346 3396 8.
365 3322 410 3380 De
427 3319 468 3382 ms
486 3325 551 3392 qui,
574 3321 606 3378 ob
624 3322 794 3396 suspicionem
813 3324 977 3381 temerariae
994 3339 1041 3380 ac·

374 3407 531 3496 amotionis,
550 3443 677 3484 accusare
689 3421 918 3500 prohibebantur.

40 3594 41 3602 χ
96 3531 308 3606 -7-111,
345 3540 1045 3604 ms11s'Qus1onesesenncenemnucssomsc
1090 3531 1109 3571 ·'

181 3701 185 3710 ,
346 3648 512 3696 posennus.
581 3651 586 3660 ·

270 3743 300 3818 §.
321 3755 347 3801 1.
365 3738 468 3798 Libera
497 3735 636 3812 republica
660 3745 724 3793 ante
752 3739 912 3795 seutentiam
933 3739 963 3795 iu
981 3755 1045 3796 car·-

376 3857 461 3899 eerem
490 3842 566 3897 mitti
591 3855 654 3897 non·
670 3848 803 3914 poteraut
829 3844 858 3899 in
887 3853 986 3913 genere
1003 3843 1042 3908 ii,

376 3946 425 4014 qui
443 3941 532 4002 uoles
542 3939 640 4000 darent
657 3939 690 4000 de
708 3943 841 4010 sementa
857 3947 886 4002 in
904 3943 1043 4002 iudicium.

969 4045 997 4122 s.
1016 4062 1046 4104 ε.
