2498 4764
559 349 835 412 ο-Ῑροη-ι

225 545 266 606 ut-
299 529 400 624 tteque'
419 536 468 604 tiis
488 535 544 623 qui
563 531 743 602 stratarum
757 535 953 620 funguntur
973 531 1082 620 iffae,
1098 521 1186 602 'nii

227 689 289 756 que
311 670 472 734 ministris
493 688 602 733 earum
624 666 723 732 liceat
745 663 973 730 crudelitatem
1001 685 1089 732 suam
1113 685 1169 730 aa·

229 801 432 866 cusatoribus
471 795 631 879 tendere,
672 812 705 862 et
735 799 917 861 innocentes
938 799 1034 860 iutra
1055 817 1167 860 earce-

228 947 302 998 rum
336 943 426 1016 septa
456 925 518 1012 leta
548 925 655 1012 dare,
686 939 745 990 aut
762 923 953 998 ¹subtractus
971 921 1163 1014 audientiae

228 1056 325 1141 longa
356 1055 429 1136 tabe
462 1073 654 1144 aumsumere.
699 1053 777 1142 Nan
795 1113 796 1116 ,
811 1053 894 1144 euim
919 1053 1168 1144 existimationis

224 1199 355 1251 tautum
377 1179 435 1247 sed
453 1184 552 1245 etiam
568 1182 712 1267 periculi
732 1195 835 1246 metus
858 1179 1004 1266 (iudicii)
1023 1183 1167 1245 immitte·

225 1313 296 1392 bit,
328 1313 354 1378 st'
390 1310 530 1396 aliquem
555 1310 650 1375 ultra
671 1309 812 1376 debitum
834 1325 957 1400 tempus
977 1310 1091 1402 inedia·
1110 1287 1176 1375 aut

203 1462 412 1564 ¹quoeunque
434 1438 523 1507 moda
545 1441 663 1528 aliquis
697 1457 879 1507 stratarum
914 1417 1125 1508 exhauserit:
1117 1453 1168 1504 ·et

228 1597 291 1672 maa
316 1589 383 1642 stat
385 1577 429 1640 t'm
461 1593 555 1654 eum,
585 1588 684 1660 pestes
715 1595 808 1658 quem
830 1547 940 1684 efficii
971 1575 1058 1684 (eust
1046 1569 1169 1655 radiae)

224 1720 297 1796 est,
337 1718 435 1789 atque
477 1703 544 1766 et'us
587 1702 750 1767 ministras
784 1703 923 1789 capitali
951 1719 1057 1796 poeuu
1093 1700 1161 1767 sub·

220 1834 347 1907 iecerit.

265 1959 326 2024 Hrs
337 1957 459 2024 verbis
450 1959 543 2040 rgrtur
552 1971 684 2040 prrmunr
701 1955 784 2038 Imp.
802 1971 930 2021 conatus
940 1957 1161 2024 estabsterrere

224 2061 498 2167 οὓίεἰαῐεε,ᾳιιίἱ)ιιέ
512 2069 639 2150 carceris
654 2100 684 2150 et
695 2085 945 2162 incarceratorum
956 2105 1027 2151 cura
1043 2071 1162 2180 manua·

221 2227 337 2296 tuerat,
351 2214 394 2278 ab·
401 2215 485 2280 omni
501 2225 607 2302 genere
619 2193 805 2279 crudelitatis
820 2233 889 2298 erga
898 2231 1038 2296 vinctos
1052 2217 1167 2282 consti·

220 2354 288 2410 tuta
303 2357 400 2430 poena
412 2341 553 2421 capitali'
545 2359 575 2404 sn
589 2358 693 2404 omnes
706 2341 861 2405 ministros
872 2361 946 2422 ,qur
938 2342 1055 2444 inedia
1064 2317 1165 2410 aliave

222 2472 316 2536 modo
324 2469 455 2548 aliquem
470 2443 671 2535 exhaurirent.
686 2445 804 2534 Deinde
818 2469 902 2533 iubet
916 2486 950 2534 ut
962 2447 1080 2538 iudices
1090 2495 1163 2566 prof

219 2599 417 2710 spicerentne
426 2599 540 2704 quisex
553 2617 656 2665 eorum
666 2600 846 2666 officialibus
855 2575 1034 2668 huiusmodi
1046 2605 1164 2687 aliquid

221 2727 435 2838 committeret,
447 2742 499 2794 aut
512 2728 538 2792 si
550 2728 621 2810 quis
633 2745 739 2794 contra
753 2731 828 2794 hanc
840 2731 936 2842 legent
958 2731 1073 2831 egisset
1094 2752 1163 2798 eum

221 2833 344 2939 capitali
373 2839 474 2937 poena
507 2854 584 2918 affici
610 2869 775 2934 curarent3
805 2857 890 2934 quod
917 2854 944 2918 si
981 2827 1166 2976 negiigerent

220 2984 336 3050 iudices
370 2982 458 3076 ipsus
479 2981 592 3064 puniri
604 2982 714 3048 voluit.
760 2984 921 3049 Caeterum
943 2953 1075 3050 adhaec
1096 3007 1166 3053 ver·

219 3123 258 3189 bu
291 3091 454 3220 observare
481 3117 649 3222 debemus
685 3137 841 3202 perperam
871 3118 902 3180 in
930 3116 1013 3182 Cod.
1038 3097 1159 3182 Theod.

216 3213 297 3334 legi:
334 3209 397 3313 sed
425 3247 523 3311 etiarn
547 3229 690 3334 periculi
720 3257 821 3306 metus
849 3238 955 3336 iudicii
987 3245 1166 3309 imminebit
1205 3279 1207 3286 v

220 3379 265 3446 ibi
287 3378 366 3444 eninr
387 3376 447 3459 legi
468 3386 591 3456 oportet
612 3371 713 3436 iudici
736 3370 780 3434 uti
803 3371 889 3468 etiarn
912 3371 943 3435 in
971 3372 1053 3437 Cod
1077 3359 1169 3440 Iusti·

219 3505 328 3572 nianeo
368 3500 770 3598 invenituraratro,utu
802 3499 912 3582 aruba:
951 3516 1048 3588 peaes
1076 3525 1168 3590 quem

220 3632 321 3717 efficti
341 3624 505 3716 custudire
536 3629 604 3709 est,
635 3627 725 3702 enan
753 3627 896 3716 corrupta
928 3627 1089 3712 videatur-3
1124 3629 1166 3696 ibi

968 3790 1002 3816 υ
1037 3794 1043 3810 =
1100 3775 1166 3828 ¹scr·-
