2498 4764
546 341 807 406 MD·-

211 509 291 592 urbe
314 521 438 590 condita
461 523 528 609 iege
547 537 601 590 tut
619 522 759 592 moribus
779 521 984 590 constitutum
1006 537 1071 589 erat
1086 569 1099 603 ‚
1116 529 1172 596 utv

211 649 386 736 debitores,
400 652 455 736 qui
464 651 613 718 solvendo
625 669 688 718 non
696 667 798 720 essent
811 652 888 718 trahi
901 651 1150 748 a-creditoribus,

209 781 349 864 erquead
357 781 859 867 operarinservitutepraestandes
871 782 941 866 copi
949 782 1100 865 possent(
1120 786 1147 870 ).

213 909 317 998 Quem
338 931 453 980 morem
481 933 500 980 a
526 899 656 982 Graecis
676 913 828 996 accepisse
847 913 989 980 videntur
1011 911 1151 982 Rotnani.

212 1039 250 1108 1n
283 1040 421 1108 universa
453 1041 532 1108 etaim
565 1043 695 1112 Graecia
723 1042 817 1108 moris
837 1039 917 1122 fuit,
939 1055 977 1106 ut
1009 1040 1067 1123 qui
1086 1057 1154 1105 mue

211 1177 301 1233 'tuum
325 1167 541 1252 accepissent,
574 1171 792 1255 oppignoratis
819 1171 1031 1256 corporibus,
1052 1189 1071 1236 a
1089 1187 1154 1234 cre-

209 1291 364 1358 ditoribus
391 1291 505 1361 abduci
531 1310 660 1382 possent
684 1293 713 1360 si
744 1311 809 1361 non
838 1297 1019 1374 solverent,
1057 1259 1155 1376 iisque

210 1419 423 1490 addicerentur
448 1423 516 1511 (a).
568 1424 650 1492 Illud
680 1437 779 1492 tamen
800 1422 930 1490 Athenis
952 1419 1086 1512 mutavit
1105 1439 1157 1486 so·

213 1568 310 1633 unu,
332 1551 387 1634 qui
407 1553 447 1622 ad
466 1556 638 1636 exemplum
658 1549 911 1636 Aegyptiorum,
940 1547 1101 1629 instituit,
1123 1561 1156 1616 ut

211 1699 344 1766 corpora
376 1681 548 1752 debitorum
576 1681 670 1746 libera
695 1693 816 1760 essent,
838 1696 1010 1760 eorumque
1030 1695 1157 1761 posses·

211 1809 319 1878 §iones
351 1825 383 1876 et
409 1808 569 1882 facultates
597 1809 698 1876 solum
734 1805 937 1876 creditoribus
966 1821 1071 1875 essent
1099 1806 1159 1872 ob-

215 1936 329 2006 noxiae
348 1939 418 2023 (3)
459 1937 579 2004 Deinde
598 1952 699 2004 autem
720 1954 864 2003 suavius
887 1954 1055 2019 ruunrus,
1078 1937 1159 2002 mui-

211 2067 256 2132 tis
276 2066 433 2134 nobilibus
457 2065 491 2134 in
512 2039 669 2134 debitores
686 2064 903 2142 saevientibus¹
923 2067 1004 2152 (4),
1026 2067 1159 2134 istorum

213 2195 397 2266 miserrimae
428 2195 597 2266 conditioni
630 2194 798 2275 occurrit,
825 2191 934 2260 iubens
956 2211 998 2260 ne-
1020 2193 1092 2276 quis
1115 2193 1159 2262 ob

212 2345 264 2400 aes
285 2329 414 2400 alienun
433 2328 464 2392 in
484 2346 611 2400 nervum
633 2329 815 2408 duceretur,
829 2345 886 2400 nec
910 2323 1156 2398 foeneratoribus

213 2457 264 2527 ius
294 2471 375 2523 esset
401 2455 432 2520 in
459 2471 587 2536 corpora
608 2453 724 2533 libera,
744 2439 801 2518 ¹sed
820 2456 957 2520 contenti
978 2474 1082 2525 essent
1102 2459 1159 2524 de-

211 2583 323 2660 bitoris
354 2580 553 2656 facultatibus
575 2583 646 2672 (5).
691 2581 883 2652 uocantem
907 2583 1085 2654 institutum
1107 2605 1158 2652 sa-

1111 2717 1164 2782 lu·

128 2877 129 2882 ¹
250 2913 307 2997 (r)
331 2915 419 2976 Coni'.
447 2929 607 2988 rroourus,
642 2915 675 2974 de
702 2919 792 2992 antiq.
821 2919 882 2976 iure
911 2917 972 2980 etv.
1003 2919 1082 2982 Rom.
1121 2923 1161 2992 L.

215 3025 243 3090 ι.
269 3039 298 3085 e.
319 3023 351 3083 6.
647 3055 648 3058 ¹
824 3017 825 3024 ἵ

236 3155 306 3254 (a)
325 3153 412 3219 Conf.
432 3171 609 3226 ranussrus,
626 3156 659 3214 de
679 3113 751 3214 modo
769 3171 848 3214 usur.
866 3171 898 3230 p.
917 3168 984 3232 752.

253 3291 309 3376 (3)
334 3307 418 3353 oron.
444 3305 500 3349 src.
528 3289 564 3351 L.
594 3287 634 3346 li.
669 3301 879 3374 ¹rurrrurccrus,
902 3265 1097 3360 Anapum.
1118 3287 1156 3355 L,

215 3399 275 3464 ΙΙΙ.
306 3399 344 3460 Τ.
375 3397 464 3456 ΧΧΧ.
496 3396 511 3470 §
532 3407 560 3466 3·
585 3403 615 3450 et
632 3391 683 3464 qui
702 3390 740 3448 ibi
760 3388 863 3449 citatur
881 3405 991 3450 neruus
1010 3407 1129 3456 suerrus
1140 3383 1154 3470 ‘,

214 3505 249 3570 dc
266 3507 322 3580 lege
340 3501 458 3570 Attica,
477 3515 506 3572 p.
524 3511 591 3572 4¹2·

252 3627 309 3708 (4)
328 3629 414 3692 Conf.
434 3644 529 3690 urvrus
548 3625 646 3704 passim
666 3625 695 3682 in
713 3623 855 3698 prioribus
874 3624 964 3688 libris.

254 3754 309 3842 (5)
330 3761 418 3822 Couf.
435 3777 521 3826 nrou.
540 3777 608 3826 usu.
627 3760 663 3826 L.
682 3759 732 3844 lv.
751 3775 782 3838 p.
801 3769 855 3836 2¹5
875 3771 903 3820 et
925 3775 991 3838 reo.
