2498 4764
589 367 844 431 ...72-

248 521 417 588 antemius
438 518 631 586 observatum
650 520 731 601 fuit,
752 536 851 602 usque
871 518 910 583 ad
929 533 1043 584 annum
1066 535 1129 598 427
1151 517 1191 582 ab

248 653 295 720 U.
319 653 361 718 C.
404 652 456 718 Eo
476 667 554 717 anno
575 650 606 715 in
628 649 888 717 Urbctumultus
910 647 970 714 orti
991 662 1081 712 erant
1100 665 1190 730 prop·

248 793 297 848 ter
329 778 478 863 insignem
516 779 722 874 crudelitatem
750 776 968 858 libidinemque
996 793 1031 842 t.
1067 793 1190 840 rurtuu
1223 837 1225 842 ,

248 901 472 988 foeneratoris,
493 923 562 992 erga
583 923 813 985 c..1>uuurutu,
836 902 888 992 qui
909 921 970 986 se,
994 901 1036 964 ob
1055 921 1105 967 aes
1120 903 1185 968 alie-

248 1055 323 1106 num
355 1035 474 1117 patris,
500 1036 528 1100 ei
560 1053 674 1102 nexum
703 1037 836 1108 dederat.
891 1031 1010 1099 Idcirco
1039 1034 1190 1099 Consules

246 1185 281 1236 ι.
305 1179 459 1228 rartuws
481 1153 511 1228 et
532 1181 566 1230 c.
590 1181 779 1230 conuentus
809 1165 904 1246 legent
932 1163 1092 1244 tulerunt,
1135 1157 1210 1242 qua'

243 1301 373 1353 cautum
405 1285 489 1368 fuit,
525 1303 565 1355 ne
591 1288 687 1370 quis,
719 1287 778 1354 nisi
801 1287 856 1370 qui
876 1305 988 1353 noxam
1010 1287 1190 1368 meruisset,

250 1419 348 1486 donec
378 1435 507 1504 poenam
534 1420 656 1498 lueret,
685 1416 719 1486 in
739 1417 941 1500 compedibus
961 1428 1015 1480 aut
1035 1433 1133 1504 nervo
1152 1429 1191 1479 te·

249 1565 394 1629 meretur,
415 1547 623 1632 pecuniaeque
651 1546 781 1616 creditae
808 1562 870 1612 non
891 1563 1006 1627 corpus
1027 1543 1191 1626 debitoris,

235 1669 305 1742 “sed
325 1689 443 1740 tantum
463 1671 543 1736 bona
563 1669 699 1736 obnoxia
721 1684 822 1736 essent
842 1668 859 1756 (
883 1676 912 1760 ).

256 1769 257 1774 Ἰ
290 1804 375 1870 Haec
404 1803 453 1867 lex
484 1817 547 1868 non
579 1798 637 1868 diu
665 1799 825 1868 observata
855 1800 996 1881 uidetur,
1032 1819 1125 1883 quare
1144 1819 1194 1868 ro-

246 1943 337 2015 gante
369 1949 403 1996 ι.
433 1937 606 2000 conuento
634 1949 742 1997 sutus
772 1929 935 2010 dictatore,
966 1949 1046 1996 nova
1068 1933 1117 1996 lex
1136 1933 1193 1998 lata

244 2075 324 2144 cst,
348 2073 383 2124 ut
418 2075 525 2126 omnes
558 2059 612 2142 qui
644 2059 756 2126 bonam
788 2057 907 2144 copiam
928 2057 1101 2143 eiurarent,
1130 2077 1192 2128 non

250 2203 353 2253 essent
373 2187 443 2256 neti
466 2187 522 2254 sed
544 2173 690 2254 dissoluti
712 2187 729 2270 (
752 2191 783 2274 ).

288 2301 348 2384 His
378 2333 478 2386 autern
512 2315 633 2400 legibus
671 2313 845 2381 debitorum
893 2315 1087 2382 incarceratio
1127 2332 1191 2381 non

241 2459 372 2528 prorsus
405 2442 551 2520 sublata,
585 2439 642 2504 sed
662 2439 739 2503 illud
766 2452 883 2506 tanturn
917 2441 1062 2508 effectum
1091 2442 1191 2510 fnisse

240 2573 383 2652 videtur,
409 2583 527 2638 utnon
560 2569 593 2637 in
614 2569 736 2653 privato
758 2590 895 2656 carcere,
919 2576 974 2641 sed
994 2576 1122 2659 publico
1144 2589 1189 2641 te·

241 2716 386 2770 merentur
406 2700 560 2767 debitores
585 2700 660 2785 (3).
731 2784 733 2788 .

250 2831 252 2836 ·
288 2815 427 2880 Tandem
449 2833 570 2885 runosw
585 2795 716 2881 crustu
737 2816 930 2884 debitoribus
952 2818 1058 2901 tnopu
1080 2823 1194 2905 uerso·⁴

246 2926 319 2994 ditls
349 2925 471 3008 plenius
502 2931 666 2994 consulens
700 2927 879 2996 beneficium
910 2909 1059 3000 cessionis
1091 2936 1195 3001 bono-

243 3075 312 3125 rum
334 3054 484 3134 instituit,
518 3073 582 3138 quo
603 3054 650 3138 is,
675 3057 729 3140 qui
751 3057 815 3123 siue
838 3059 910 3126 dolo
931 3063 1011 3131 malo
1031 3061 1094 3127 aeri
1116 3063 1191 3128 alie-

1148 3209 1192 3258 uo

254 3341 336 3436 “(1)
361 3355 447 3418 eone
480 3377 592 3428 nous,
611 3358 647 3420 u.
672 3357 759 3422 vlu.
778 3377 808 3421 c.
833 3362 882 3422 as.
929 3377 1051 3434 virro,
1069 3363 1103 3422 a
1121 3365 1192 3448 tang.

245 3459 536 3534 Lat.L.V1.c·5.
580 3483 586 3494 “

281 3561 337 3642 (a)
357 3581 476 3633 eruto,
495 3563 524 3622 d.
544 3565 564 3625 l.
748 3593 749 3598 1

280 3663 335 3740 (3)
356 3683 549 3739 nutriremus,
566 3672 655 3743 antiq.
677 3667 753 3730 Rom.
772 3667 836 3732 Lib.
858 3667 915 3732 111.
943 3671 980 3733 Τ.
997 3667 1093 3746 XXX.
1119 3676 1136 3755 ς
1164 3675 1197 3742 6.

240 3767 667 3842 soueraoruus,d.1.c.12
805 3763 807 3778 ’
