2498 4764
415 419 487 442 .-
534 399 595 472 1¹⁶5
637 411 701 442 aaa.

514 575 584 656 iil.

96 809 98 813 ,
123 734 190 806 Ubi
211 749 284 802 vero
305 734 438 802 carceris
453 751 554 818 poena
575 747 636 798 tani
658 732 734 796 male
765 729 935 804 constituta
957 745 1023 813 est,

76 891 114 945 ut
137 877 243 944 schola
268 877 330 943 dici
356 875 457 960 possit
487 873 811 956 omniumvitiorum,
833 875 1030 958 gravissunt

79 1038 159 1104 quae
192 1039 231 1088 ex
258 1020 314 1086 har
333 1036 436 1106 poena
458 1020 598 1084 oriuntur
618 1015 735 1084 civitati
755 1018 891 1100 damna,
911 1031 942 1082 et
962 1035 1028 1086 nra·

77 1160 126 1244 gis
148 1160 314 1242 aliquando
336 1177 435 1241 poena
455 1159 579 1224 nocebit
599 1158 716 1226 civitati
735 1179 829 1243 quant
850 1161 952 1244 ipsum
976 1161 1030 1242 de·

77 1303 199 1371 lictum.
244 1303 311 1372 Sic.
329 1317 495 1386 praestaret
521 1303 604 1370 forte
634 1305 742 1370 delicta
775 1307 890 1372 saltem·
911 1305 1026 1374 leviora

78 1465 207 1534 prorsus
227 1464 291 1513 non
311 1447 439 1531 puniri,
463 1467 554 1530 quam
575 1423 885 1529 huiusmodi‘poena.

523 1591 594 1658 Vll.

122 1727 157 1801 Sl
177 1701 415 1802 emendationem
444 1701 686 1816 delinquentium
706 1707 812 1817 'poena
833 1719 963 1802 carceris
986 1735 1031 1804 ef·

78 1863 170 1940 litere
189 1865 360 1958 volumus,
394 1863 463 1942 ante
484 1871 586 1944 onnia
606 1865 711 1943 tutare
732 1867 878 1951 debemus
900 1867 939 1945 ne
960 1863 1027 1965 ipsa

13 2051 18 2062 ·
85 2005 190 2098 poeno
221 2015 467 2100 corrumpantur.
519 2019 591 2082 ideo
626 1991 754 2082 manime
774 2005 960 2098 curandum,
994 2011 1030 2084 ut

86 2157 303 2240 delinquentes
324 2177 382 2242 pro
403 2158 527 2230 diverso
550 2149 644 2242 gra'du'
671 2131 799 2225 inolitiae
821 2157 852 2221 in
872 2151 1028 2226 carcerei

86 2298 281 2365 seinvicem
315 2314 518 2382 separentur,
551 2289 621 2367 narn
654 2271 714 2366 nisi
748 2302 808 2366 hoc
829 2300 904 2380 fiat,
927 2299 1030 2366 omnia

84 2459 162 2526 qure
176 2443 229 2508 ad
256 2443 495 2510 emendationem
517 2455 623 2511 eorum
645 2441 829 2530 adhibentur
840 2465 855 2524 ·,
877 2443 953 2508 nihil
975 2451 1030 2510 aut
1056 2451 1057 2454 ’

84 2603 192 2674 parum
213 2585 328 2652 efficere
348 2604 493 2670 possunt.
538 2586 774 2656 Efficacissimus
796 2601 897 2654 autem
919 2588 1031 2654 modus

83 2729 231 2822 uidetur,
265 2747 328 2812 quo
361 2727 570 2810 delinquentes
596 2727 629 2791 in
659 2695 844 2808 quibusdam
872 2726 1032 2795 Amendae

87 2870 343 2957 Septentrionrlis
363 2868 537 2952 carceribus
560 2866 735 2934 detinentur
749 2863 957 2948 ,quorum'in
970 2885 1033 2933 me·-
1126 2917 1127 2922 ,

87 3015 141 3083 dio
168 3013 409 3080 observatorium
431 3026 618 3076 exstructum
640 3025 708 3092 est,
730 3029 748 3074 e
768 3028 832 3108 quo
854 3029 936 3076 unus
961 3029 1032 3079 eus-

87 3171 138 3222 tos
173 3170 278 3250 omnes
312 3153 404 3228 simul
441 3151 653 3232 delinquentes
682 3151 786 3218 videre
806 3165 935 3234 potest,
958 3129 1049 3222 dutux

88 3269 188 3375 tamen
209 3295 325 3381 singuli
345 3296 376 3362 in
398 3293 526 3362 diversis
548 3295 668 3363 cellulis
681 3272 927 3365 'custodiuntun
1018 3331 1019 3334 ¹

519 3467 604 3535 VIll.

84 3617 86 3624 ⁴
132 3615 319 3684 verissimae
347 3612 543 3679 observatum
565 3625 636 3692 est,
669 3613 879 3695 impunitatem
899 3614 1036 3712 plerun-

91 3749 152 3846 qud
171 3755 253 3843 leges
275 3753 547 3826 iustoa'cerblores
570 3743 661 3840 sequi
681 3731 810 3823 solere.¹
849 3730 851 3736 Ι
968 3743 977 3754 ”
1080 3723 1082 3730 ¹

98 3890 107 3896 ”
548 3898 581 3967 rt
839 3883 840 3890 ‘
976 3900 1032 3967 rx.
