<?xml version="1.0" encoding="UTF-8"?>
<!DOCTYPE html PUBLIC "-//W3C//DTD XHTML 1.0 Transitional//EN"
    "http://www.w3.org/TR/xhtml1/DTD/xhtml1-transitional.dtd">
<html xmlns="http://www.w3.org/1999/xhtml" xml:lang="en" lang="en">
 <head>
  <title>
</title>
<meta http-equiv="Content-Type" content="text/html;charset=utf-8" />
  <meta name='ocr-system' content='tesseract 3.04.00' />
  <meta name='ocr-capabilities' content='ocr_page ocr_carea ocr_par ocr_line ocrx_word'/>
</head>
<body>
  <div class='ocr_page' id='page_1' title='image "./decuraquamroman00westgoog_0036.png"; bbox 0 0 2504 4770; ppageno 0'>
   <div class='ocr_carea' id='block_1_1' title="bbox 397 378 664 424">
    <p class='ocr_par' dir='ltr' id='par_1_1' title="bbox 397 378 664 424">
     <span class='ocr_line' id='line_1_1' title="bbox 397 378 664 424; baseline 0.007 -12"><span class='ocrx_word' id='word_1_1' title='bbox 397 393 473 412; x_wconf 80' lang='grc'>...-</span> <span class='ocrx_word' id='word_1_2' title='bbox 517 378 553 424; x_wconf 76' lang='lat'><strong>21</strong></span> <span class='ocrx_word' id='word_1_3' title='bbox 586 390 664 414; x_wconf 73' lang='grc' dir='ltr'><strong>,ιι-</strong></span> 
     </span>
    </p>
   </div>
   <div class='ocr_carea' id='block_1_2' title="bbox 2 555 1118 641">
    <p class='ocr_par' dir='ltr' id='par_1_2' title="bbox 2 555 1118 641">
     <span class='ocr_line' id='line_1_2' title="bbox 2 555 1118 641; baseline -0.001 -16"><span class='ocrx_word' id='word_1_4' title='bbox 2 609 5 612; x_wconf 74' lang='lat'><em>-</em></span> <span class='ocrx_word' id='word_1_5' title='bbox 59 558 215 625; x_wconf 84' lang='lat' dir='ltr'><strong>metallum</strong></span> <span class='ocrx_word' id='word_1_6' title='bbox 248 558 316 624; x_wconf 86' lang='lat' dir='ltr'><strong>sive</strong></span> <span class='ocrx_word' id='word_1_7' title='bbox 335 559 373 624; x_wconf 90' lang='lat' dir='ltr'><strong>ad</strong></span> <span class='ocrx_word' id='word_1_8' title='bbox 394 558 582 641; x_wconf 76' lang='lat' dir='ltr'><strong>lapicidinas.</strong></span> <span class='ocrx_word' id='word_1_9' title='bbox 626 556 707 624; x_wconf 88' lang='lat' dir='ltr'><strong>Aliis</strong></span> <span class='ocrx_word' id='word_1_10' title='bbox 730 555 817 624; x_wconf 89' lang='lat' dir='ltr'><strong>ctiam</strong></span> <span class='ocrx_word' id='word_1_11' title='bbox 838 555 915 626; x_wconf 86' lang='lat' dir='ltr'><strong>locis</strong></span> <span class='ocrx_word' id='word_1_12' title='bbox 936 557 1003 624; x_wconf 74' lang='lat' dir='ltr'><strong>lau</strong></span> <span class='ocrx_word' id='word_1_13' title='bbox 1113 585 1118 598; x_wconf 66' lang='lat'><strong><em>¹</em></strong></span> 
     </span>
    </p>
   </div>
   <div class='ocr_carea' id='block_1_3' title="bbox 1 685 1092 3610">
    <p class='ocr_par' dir='ltr' id='par_1_3' title="bbox 1 685 1092 3610">
     <span class='ocr_line' id='line_1_3' title="bbox 8 685 1002 776; baseline 0.002 -22"><span class='ocrx_word' id='word_1_14' title='bbox 8 761 12 770; x_wconf 48' lang='grc'>,</span> <span class='ocrx_word' id='word_1_15' title='bbox 51 689 175 756; x_wconf 41' lang='lat' dir='ltr'><strong>rtumiac</strong></span> <span class='ocrx_word' id='word_1_16' title='bbox 186 707 334 756; x_wconf 81' lang='lat' dir='ltr'>carcerem</span> <span class='ocrx_word' id='word_1_17' title='bbox 356 689 529 774; x_wconf 85' lang='lat' dir='ltr'><strong>significare</strong></span> <span class='ocrx_word' id='word_1_18' title='bbox 548 690 704 768; x_wconf 88' lang='lat' dir='ltr'><strong>videntur,</strong></span> <span class='ocrx_word' id='word_1_19' title='bbox 718 702 754 754; x_wconf 90' lang='lat' dir='ltr'><strong>ut</strong></span> <span class='ocrx_word' id='word_1_20' title='bbox 776 687 808 754; x_wconf 92' lang='lat' dir='ltr'><strong>in</strong></span> <span class='ocrx_word' id='word_1_21' title='bbox 832 685 899 774; x_wconf 77' lang='lat' dir='ltr'><strong>lege</strong></span> <span class='ocrx_word' id='word_1_22' title='bbox 919 690 1002 776; x_wconf 86' lang='lat' dir='ltr'><strong>9D.</strong></span> 
     </span>
     <span class='ocr_line' id='line_1_4' title="bbox 51 783 1092 903; baseline 0.007 -25"><span class='ocrx_word' id='word_1_23' title='bbox 51 837 104 882; x_wconf 54' lang='lat' dir='ltr'><strong>:ex</strong></span> <span class='ocrx_word' id='word_1_24' title='bbox 131 816 243 903; x_wconf 84' lang='lat' dir='ltr'><strong>quibus</strong></span> <span class='ocrx_word' id='word_1_25' title='bbox 269 819 377 884; x_wconf 85' lang='lat' dir='ltr'><strong>causis</strong></span> <span class='ocrx_word' id='word_1_26' title='bbox 410 811 489 884; x_wconf 83' lang='lat' dir='ltr'><strong>mai.</strong></span> <span class='ocrx_word' id='word_1_27' title='bbox 505 875 507 882; x_wconf 79' lang='grc'>,</span> <span class='ocrx_word' id='word_1_28' title='bbox 522 837 582 900; x_wconf 89' lang='lat' dir='ltr'><strong>qua</strong></span> <span class='ocrx_word' id='word_1_29' title='bbox 602 795 668 898; x_wconf 75' lang='lat' dir='ltr'><strong>lege</strong></span> <span class='ocrx_word' id='word_1_30' title='bbox 689 816 877 882; x_wconf 85' lang='lat' dir='ltr'><strong>succurritur</strong></span> <span class='ocrx_word' id='word_1_31' title='bbox 897 819 925 882; x_wconf 92' lang='lat' dir='ltr'><strong>ei</strong></span> <span class='ocrx_word' id='word_1_32' title='bbox 948 819 1004 902; x_wconf 89' lang='lat' dir='ltr'><strong>qui</strong></span> <span class='ocrx_word' id='word_1_33' title='bbox 1071 783 1092 792; x_wconf 22' lang='grc' dir='ltr'>κ</span> 
     </span>
     <span class='ocr_line' id='line_1_5' title="bbox 1 942 1003 1028; baseline 0.002 -20"><span class='ocrx_word' id='word_1_34' title='bbox 1 1017 4 1020; x_wconf 43' lang='grc'>,</span> <span class='ocrx_word' id='word_1_35' title='bbox 53 944 92 1009; x_wconf 50' lang='lat' dir='ltr'><strong>xin</strong></span> <span class='ocrx_word' id='word_1_36' title='bbox 115 946 248 1013; x_wconf 86' lang='lat' dir='ltr'><strong>vinculis</strong></span> <span class='ocrx_word' id='word_1_37' title='bbox 267 942 393 1026; x_wconf 88' lang='lat' dir='ltr'><strong>fuisset,</strong></span> <span class='ocrx_word' id='word_1_38' title='bbox 414 945 501 1026; x_wconf 89' lang='lat' dir='ltr'><strong>quod</strong></span> <span class='ocrx_word' id='word_1_39' title='bbox 519 943 561 1009; x_wconf 91' lang='lat' dir='ltr'><strong>ita</strong></span> <span class='ocrx_word' id='word_1_40' title='bbox 581 943 709 1027; x_wconf 83' lang='lat' dir='ltr'><strong>explicat</strong></span> <span class='ocrx_word' id='word_1_41' title='bbox 731 962 1003 1028; x_wconf 62' lang='lat' dir='ltr'><strong>onustantur,</strong></span> 
     </span>
     <span class='ocr_line' id='line_1_6' title="bbox 53 1072 1008 1158; baseline 0.006 -20"><span class='ocrx_word' id='word_1_42' title='bbox 53 1088 99 1139; x_wconf 89' lang='lat' dir='ltr'><strong>-ut</strong></span> <span class='ocrx_word' id='word_1_43' title='bbox 121 1075 312 1142; x_wconf 88' lang='lat' dir='ltr'><strong>vinculorum</strong></span> <span class='ocrx_word' id='word_1_44' title='bbox 333 1072 496 1155; x_wconf 89' lang='lat' dir='ltr'><strong>appellatio</strong></span> <span class='ocrx_word' id='word_1_45' title='bbox 515 1072 604 1140; x_wconf 88' lang='lat' dir='ltr'><strong>latius</strong></span> <span class='ocrx_word' id='word_1_46' title='bbox 625 1073 799 1156; x_wconf 87' lang='lat' dir='ltr'><strong>accipienda</strong></span> <span class='ocrx_word' id='word_1_47' title='bbox 820 1077 881 1158; x_wconf 88' lang='lat' dir='ltr'><strong>sit;</strong></span> <span class='ocrx_word' id='word_1_48' title='bbox 897 1077 1008 1144; x_wconf 86' lang='lat' dir='ltr'><strong>etenim</strong></span> 
     </span>
     <span class='ocr_line' id='line_1_7' title="bbox 62 1202 1009 1284; baseline 0.01 -15"><span class='ocrx_word' id='word_1_49' title='bbox 62 1203 229 1284; x_wconf 75' lang='lat' dir='ltr'><strong>observat,</strong></span> <span class='ocrx_word' id='word_1_50' title='bbox 262 1203 400 1270; x_wconf 87' lang='lat' dir='ltr'><strong>inclusos</strong></span> <span class='ocrx_word' id='word_1_51' title='bbox 431 1202 463 1270; x_wconf 93' lang='lat' dir='ltr'><strong>in</strong></span> <span class='ocrx_word' id='word_1_52' title='bbox 490 1207 644 1276; x_wconf 87' lang='lat' dir='ltr'><strong>lautumiis</strong></span> <span class='ocrx_word' id='word_1_53' title='bbox 677 1209 851 1278; x_wconf 88' lang='lat' dir='ltr'><strong>vinctorum</strong></span> <span class='ocrx_word' id='word_1_54' title='bbox 882 1228 1009 1278; x_wconf 88' lang='lat' dir='ltr'><strong>numero</strong></span> 
     </span>
     <span class='ocr_line' id='line_1_8' title="bbox 51 1329 1007 1428; baseline 0.01 -30"><span class='ocrx_word' id='word_1_55' title='bbox 51 1333 187 1402; x_wconf 70' lang='lat' dir='ltr'><strong>—lrabcrit</strong></span> <span class='ocrx_word' id='word_1_56' title='bbox 218 1335 298 1419; x_wconf 82' lang='lat' dir='ltr'><strong>quia</strong></span> <span class='ocrx_word' id='word_1_57' title='bbox 325 1335 411 1402; x_wconf 78' lang='lat' dir='ltr'><strong>nihii</strong></span> <span class='ocrx_word' id='word_1_58' title='bbox 429 1329 564 1402; x_wconf 68' lang='lat' dir='ltr'><strong>intersit</strong></span> <span class='ocrx_word' id='word_1_59' title='bbox 579 1339 765 1426; x_wconf 79' lang='lat' dir='ltr'><strong>parietibus</strong></span> <span class='ocrx_word' id='word_1_60' title='bbox 786 1359 831 1404; x_wconf 81' lang='lat' dir='ltr'><strong>an</strong></span> <span class='ocrx_word' id='word_1_61' title='bbox 852 1339 1007 1428; x_wconf 77' lang='lat' dir='ltr'><strong>compedi·</strong></span> 
     </span>
     <span class='ocr_line' id='line_1_9' title="bbox 51 1463 1015 1554; baseline 0 -22"><span class='ocrx_word' id='word_1_62' title='bbox 51 1466 122 1532; x_wconf 75' lang='lat' dir='ltr'><strong>¹hus</strong></span> <span class='ocrx_word' id='word_1_63' title='bbox 143 1469 261 1554; x_wconf 83' lang='lat' dir='ltr'><strong>aliquis</strong></span> <span class='ocrx_word' id='word_1_64' title='bbox 283 1480 447 1535; x_wconf 79' lang='lat' dir='ltr'><strong>teneatur.</strong></span> <span class='ocrx_word' id='word_1_65' title='bbox 495 1465 566 1532; x_wconf 89' lang='lat' dir='ltr'><strong>Hoc</strong></span> <span class='ocrx_word' id='word_1_66' title='bbox 588 1467 658 1532; x_wconf 92' lang='lat' dir='ltr'><strong>loco</strong></span> <span class='ocrx_word' id='word_1_67' title='bbox 679 1483 804 1536; x_wconf 87' lang='lat' dir='ltr'><strong>necesse</strong></span> <span class='ocrx_word' id='word_1_68' title='bbox 825 1481 873 1532; x_wconf 91' lang='lat' dir='ltr'><strong>est</strong></span> <span class='ocrx_word' id='word_1_69' title='bbox 893 1463 1015 1546; x_wconf 79' lang='lat' dir='ltr'><strong>etiam&#39;,</strong></span> 
     </span>
     <span class='ocr_line' id='line_1_10' title="bbox 52 1563 1011 1682; baseline 0 -20"><span class='ocrx_word' id='word_1_70' title='bbox 52 1594 216 1662; x_wconf 74' lang='lat' dir='ltr'><strong>,lautumiis</strong></span> <span class='ocrx_word' id='word_1_71' title='bbox 250 1613 399 1663; x_wconf 83' lang='lat' dir='ltr'><strong>carcerem</strong></span> <span class='ocrx_word' id='word_1_72' title='bbox 433 1595 617 1682; x_wconf 84' lang='lat' dir='ltr'><strong>significari,</strong></span> <span class='ocrx_word' id='word_1_73' title='bbox 652 1613 721 1661; x_wconf 89' lang='lat' dir='ltr'><strong>nam</strong></span> <span class='ocrx_word' id='word_1_74' title='bbox 758 1563 952 1662; x_wconf 84' lang='lat' dir='ltr'><strong>condemnati</strong></span> <span class='ocrx_word' id='word_1_75' title='bbox 972 1597 1011 1662; x_wconf 89' lang='lat' dir='ltr'><strong>ad</strong></span> 
     </span>
     <span class='ocr_line' id='line_1_11' title="bbox 42 1701 1009 1804; baseline 0.002 -20"><span class='ocrx_word' id='word_1_76' title='bbox 42 1701 217 1792; x_wconf 75' lang='lat' dir='ltr'><strong>metallum</strong></span> <span class='ocrx_word' id='word_1_77' title='bbox 246 1735 278 1787; x_wconf 89' lang='lat' dir='ltr'><strong>et</strong></span> <span class='ocrx_word' id='word_1_78' title='bbox 296 1721 329 1786; x_wconf 89' lang='lat' dir='ltr'><strong>iu</strong></span> <span class='ocrx_word' id='word_1_79' title='bbox 349 1739 432 1804; x_wconf 89' lang='lat' dir='ltr'><strong>opus</strong></span> <span class='ocrx_word' id='word_1_80' title='bbox 453 1719 591 1801; x_wconf 87' lang='lat' dir='ltr'><strong>metalli,</strong></span> <span class='ocrx_word' id='word_1_81' title='bbox 614 1718 746 1787; x_wconf 88' lang='lat' dir='ltr'><strong>vitrculis</strong></span> <span class='ocrx_word' id='word_1_82' title='bbox 767 1720 903 1786; x_wconf 78' lang='lat' dir='ltr'><strong>coirceri</strong></span> <span class='ocrx_word' id='word_1_83' title='bbox 926 1721 1009 1788; x_wconf 89' lang='lat' dir='ltr'><strong>sole·</strong></span> 
     </span>
     <span class='ocr_line' id='line_1_12' title="bbox 49 1851 1068 1939; baseline 0.006 -22"><span class='ocrx_word' id='word_1_84' title='bbox 49 1851 214 1939; x_wconf 59' lang='lat' dir='ltr'><strong>„bant(r).</strong></span> <span class='ocrx_word' id='word_1_85' title='bbox 230 1853 371 1936; x_wconf 83' lang='lat' dir='ltr'><strong>Idcirco,</strong></span> <span class='ocrx_word' id='word_1_86' title='bbox 385 1852 413 1920; x_wconf 86' lang='lat' dir='ltr'><strong>si</strong></span> <span class='ocrx_word' id='word_1_87' title='bbox 433 1853 471 1920; x_wconf 90' lang='lat' dir='ltr'><strong>de</strong></span> <span class='ocrx_word' id='word_1_88' title='bbox 491 1852 529 1919; x_wconf 90' lang='lat' dir='ltr'><strong>iis</strong></span> <span class='ocrx_word' id='word_1_89' title='bbox 549 1868 706 1938; x_wconf 84' lang='lat' dir='ltr'><strong>ageretur,</strong></span> <span class='ocrx_word' id='word_1_90' title='bbox 728 1871 791 1920; x_wconf 91' lang='lat' dir='ltr'><strong>noo</strong></span> <span class='ocrx_word' id='word_1_91' title='bbox 813 1871 937 1922; x_wconf 88' lang='lat' dir='ltr'><strong>necesse</strong></span> <span class='ocrx_word' id='word_1_92' title='bbox 958 1856 1012 1922; x_wconf 76' lang='lat' dir='ltr'><strong>fo-</strong></span> <span class='ocrx_word' id='word_1_93' title='bbox 1065 1883 1068 1894; x_wconf 56' lang='grc'>’</span> 
     </span>
     <span class='ocr_line' id='line_1_13' title="bbox 51 1983 1009 2070; baseline 0.01 -27"><span class='ocrx_word' id='word_1_94' title='bbox 51 1998 108 2052; x_wconf 70' lang='lat' dir='ltr'><strong>‚ret</strong></span> <span class='ocrx_word' id='word_1_95' title='bbox 136 1983 255 2064; x_wconf 86' lang='lat' dir='ltr'><strong>dicere,</strong></span> <span class='ocrx_word' id='word_1_96' title='bbox 284 2002 340 2050; x_wconf 83' lang='lat' dir='ltr'><strong>eoa</strong></span> <span class='ocrx_word' id='word_1_97' title='bbox 370 1985 543 2053; x_wconf 87' lang='lat' dir='ltr'><strong>vinctorum</strong></span> <span class='ocrx_word' id='word_1_98' title='bbox 564 2003 693 2056; x_wconf 86' lang='lat' dir='ltr'><strong>numero</strong></span> <span class='ocrx_word' id='word_1_99' title='bbox 714 1986 842 2070; x_wconf 81' lang='lat' dir='ltr'><strong>haberi3</strong></span> <span class='ocrx_word' id='word_1_100' title='bbox 868 2005 937 2053; x_wconf 91' lang='lat' dir='ltr'><strong>nam</strong></span> <span class='ocrx_word' id='word_1_101' title='bbox 958 2005 1009 2054; x_wconf 87' lang='lat' dir='ltr'><strong>re.-</strong></span> 
     </span>
     <span class='ocr_line' id='line_1_14' title="bbox 60 2114 1010 2196; baseline 0.002 -16"><span class='ocrx_word' id='word_1_102' title='bbox 60 2132 133 2182; x_wconf 86' lang='lat' dir='ltr'><strong>vera</strong></span> <span class='ocrx_word' id='word_1_103' title='bbox 153 2114 249 2190; x_wconf 91' lang='lat' dir='ltr'><strong>vincti</strong></span> <span class='ocrx_word' id='word_1_104' title='bbox 269 2114 427 2193; x_wconf 81' lang='lat' dir='ltr'><strong>luissent,</strong></span> <span class='ocrx_word' id='word_1_105' title='bbox 453 2132 553 2194; x_wconf 85' lang='lat' dir='ltr'><strong>neque</strong></span> <span class='ocrx_word' id='word_1_106' title='bbox 574 2115 635 2181; x_wconf 72' lang='lat' dir='ltr'><strong>dict</strong></span> <span class='ocrx_word' id='word_1_107' title='bbox 654 2115 844 2196; x_wconf 83' lang='lat' dir='ltr'><strong>oportuisset</strong></span> <span class='ocrx_word' id='word_1_108' title='bbox 864 2116 940 2184; x_wconf 84' lang='lat' dir='ltr'><strong>nihil</strong></span> <span class='ocrx_word' id='word_1_109' title='bbox 962 2117 1010 2182; x_wconf 68' lang='lat' dir='ltr'><strong>io</strong></span> 
     </span>
     <span class='ocr_line' id='line_1_15' title="bbox 59 2225 1016 2325; baseline -0.006 -11"><span class='ocrx_word' id='word_1_110' title='bbox 59 2257 200 2324; x_wconf 86' lang='lat' dir='ltr'><strong>teresse,</strong></span> <span class='ocrx_word' id='word_1_111' title='bbox 222 2257 327 2308; x_wconf 89' lang='lat' dir='ltr'><strong>utrum</strong></span> <span class='ocrx_word' id='word_1_112' title='bbox 351 2240 423 2324; x_wconf 89' lang='lat' dir='ltr'><strong>quis</strong></span> <span class='ocrx_word' id='word_1_113' title='bbox 443 2241 610 2325; x_wconf 85' lang='lat' dir='ltr'><strong>parietibus</strong></span> <span class='ocrx_word' id='word_1_114' title='bbox 630 2225 845 2309; x_wconf 82' lang='lat' dir='ltr'><strong>lautumiarum</strong></span> <span class='ocrx_word' id='word_1_115' title='bbox 867 2259 907 2308; x_wconf 90' lang='lat' dir='ltr'><strong>an</strong></span> <span class='ocrx_word' id='word_1_116' title='bbox 928 2261 1016 2308; x_wconf 90' lang='lat' dir='ltr'><strong>com·</strong></span> 
     </span>
     <span class='ocr_line' id='line_1_16' title="bbox 53 2369 1013 2460; baseline 0.002 -20"><span class='ocrx_word' id='word_1_117' title='bbox 53 2372 193 2460; x_wconf 89' lang='lat' dir='ltr'><strong>pedibus</strong></span> <span class='ocrx_word' id='word_1_118' title='bbox 214 2385 376 2455; x_wconf 88' lang='lat' dir='ltr'><strong>teneatur,</strong></span> <span class='ocrx_word' id='word_1_119' title='bbox 397 2373 498 2453; x_wconf 86' lang='lat' dir='ltr'><strong>neque</strong></span> <span class='ocrx_word' id='word_1_120' title='bbox 518 2369 720 2436; x_wconf 87' lang='lat' dir='ltr'><strong>vinculorum·</strong></span> <span class='ocrx_word' id='word_1_121' title='bbox 734 2370 900 2454; x_wconf 85' lang='lat' dir='ltr'><strong>appellatio</strong></span> <span class='ocrx_word' id='word_1_122' title='bbox 920 2371 1013 2441; x_wconf 90' lang='lat' dir='ltr'><strong>latius</strong></span> 
     </span>
     <span class='ocr_line' id='line_1_17' title="bbox 58 2499 1006 2585; baseline 0.002 -15"><span class='ocrx_word' id='word_1_123' title='bbox 58 2500 233 2585; x_wconf 86' lang='lat' dir='ltr'><strong>accipienda</strong></span> <span class='ocrx_word' id='word_1_124' title='bbox 253 2514 348 2583; x_wconf 87' lang='lat' dir='ltr'><strong>esset,</strong></span> <span class='ocrx_word' id='word_1_125' title='bbox 371 2499 477 2566; x_wconf 89' lang='lat' dir='ltr'><strong>stricte</strong></span> <span class='ocrx_word' id='word_1_126' title='bbox 497 2500 586 2566; x_wconf 87' lang='lat' dir='ltr'><strong>etiarn</strong></span> <span class='ocrx_word' id='word_1_127' title='bbox 608 2515 733 2584; x_wconf 89' lang='lat' dir='ltr'><strong>accepta</strong></span> <span class='ocrx_word' id='word_1_128' title='bbox 754 2518 808 2566; x_wconf 89' lang='lat' dir='ltr'><strong>eos</strong></span> <span class='ocrx_word' id='word_1_129' title='bbox 829 2501 1006 2572; x_wconf 88' lang='lat' dir='ltr'><strong>vinctorum</strong></span> 
     </span>
     <span class='ocr_line' id='line_1_18' title="bbox 25 2619 1004 2716; baseline 0.004 -18"><span class='ocrx_word' id='word_1_130' title='bbox 25 2679 30 2688; x_wconf 52' lang='lat'><strong>,‚</strong></span> <span class='ocrx_word' id='word_1_131' title='bbox 52 2649 188 2699; x_wconf 69' lang='lat' dir='ltr'><strong>‘numero</strong></span> <span class='ocrx_word' id='word_1_132' title='bbox 220 2630 514 2711; x_wconf 86' lang='lat' dir='ltr'><strong>comprehendisset.</strong></span> <span class='ocrx_word' id='word_1_133' title='bbox 536 2619 538 2630; x_wconf 76' lang='grc'>’</span> <span class='ocrx_word' id='word_1_134' title='bbox 558 2627 646 2716; x_wconf 89' lang='lat' dir='ltr'><strong>Quid</strong></span> <span class='ocrx_word' id='word_1_135' title='bbox 677 2647 773 2711; x_wconf 91' lang='lat' dir='ltr'><strong>porro</strong></span> <span class='ocrx_word' id='word_1_136' title='bbox 804 2631 1004 2703; x_wconf 70' lang='lat' dir='ltr'><strong>damnatis&#39;in</strong></span> 
     </span>
     <span class='ocr_line' id='line_1_19' title="bbox 56 2724 1000 2843; baseline 0.002 -16"><span class='ocrx_word' id='word_1_137' title='bbox 56 2761 212 2840; x_wconf 86' lang='lat' dir='ltr'><strong>metallum</strong></span> <span class='ocrx_word' id='word_1_138' title='bbox 238 2758 288 2843; x_wconf 86' lang='lat' dir='ltr'><strong>vel</strong></span> <span class='ocrx_word' id='word_1_139' title='bbox 320 2755 352 2820; x_wconf 93' lang='lat' dir='ltr'><strong>in</strong></span> <span class='ocrx_word' id='word_1_140' title='bbox 385 2773 466 2840; x_wconf 92' lang='lat' dir='ltr'><strong>opus</strong></span> <span class='ocrx_word' id='word_1_141' title='bbox 487 2753 599 2822; x_wconf 86' lang='lat' dir='ltr'><strong>metalli</strong></span> <span class='ocrx_word' id='word_1_142' title='bbox 619 2724 868 2840; x_wconf 87' lang='lat' dir='ltr'><strong>succurreretur,</strong></span> <span class='ocrx_word' id='word_1_143' title='bbox 891 2761 1000 2842; x_wconf 89' lang='lat' dir='ltr'><strong>quiin</strong></span> 
     </span>
     <span class='ocr_line' id='line_1_20' title="bbox 5 2879 960 2979; baseline 0.007 -27"><span class='ocrx_word' id='word_1_144' title='bbox 5 2879 7 2882; x_wconf 70' lang='grc'><strong>’</strong></span> <span class='ocrx_word' id='word_1_145' title='bbox 55 2900 238 2979; x_wconf 86' lang='lat' dir='ltr'><strong>perpetuum</strong></span> <span class='ocrx_word' id='word_1_146' title='bbox 259 2883 439 2950; x_wconf 87' lang='lat' dir='ltr'><strong>damnantur</strong></span> <span class='ocrx_word' id='word_1_147' title='bbox 458 2896 489 2949; x_wconf 90' lang='lat' dir='ltr'><strong>et</strong></span> <span class='ocrx_word' id='word_1_148' title='bbox 509 2882 678 2952; x_wconf 88' lang='lat' dir='ltr'><strong>libertatem</strong></span> <span class='ocrx_word' id='word_1_149' title='bbox 698 2886 842 2954; x_wconf 87' lang='lat' dir='ltr'><strong>amittunt</strong></span> <span class='ocrx_word' id='word_1_150' title='bbox 864 2889 960 2978; x_wconf 75' lang='lat'><em>(2)?</em></span> 
     </span>
     <span class='ocr_line' id='line_1_21' title="bbox 50 3007 997 3099; baseline 0.01 -19"><span class='ocrx_word' id='word_1_151' title='bbox 50 3007 52 3010; x_wconf 72' lang='grc'><strong>’</strong></span> <span class='ocrx_word' id='word_1_152' title='bbox 92 3015 227 3080; x_wconf 62' lang='grc' dir='ltr'><strong>[ινιυε</strong></span> <span class='ocrx_word' id='word_1_153' title='bbox 245 3012 334 3080; x_wconf 89' lang='lat' dir='ltr'><strong>etiarn</strong></span> <span class='ocrx_word' id='word_1_154' title='bbox 355 3010 431 3078; x_wconf 82' lang='lat' dir='ltr'><strong>Lib.</strong></span> <span class='ocrx_word' id='word_1_155' title='bbox 454 3011 566 3080; x_wconf 83' lang='lat' dir='ltr'><strong>XXVI.</strong></span> <span class='ocrx_word' id='word_1_156' title='bbox 589 3031 619 3097; x_wconf 78' lang='lat' dir='ltr'><strong>c.</strong></span> <span class='ocrx_word' id='word_1_157' title='bbox 643 3033 684 3095; x_wconf 82' lang='lat'><strong>27</strong></span> <span class='ocrx_word' id='word_1_158' title='bbox 705 3031 830 3099; x_wconf 89' lang='lat' dir='ltr'><strong>narrat;</strong></span> <span class='ocrx_word' id='word_1_159' title='bbox 852 3017 997 3089; x_wconf 88' lang='lat' dir='ltr'><strong>incendio</strong></span> 
     </span>
     <span class='ocr_line' id='line_1_22' title="bbox 61 3137 998 3233; baseline 0.01 -25"><span class='ocrx_word' id='word_1_160' title='bbox 61 3144 207 3208; x_wconf 87' lang='lat' dir='ltr'><strong>iuvenum</strong></span> <span class='ocrx_word' id='word_1_161' title='bbox 243 3139 447 3223; x_wconf 88' lang='lat' dir='ltr'><strong>quorumdam</strong></span> <span class='ocrx_word' id='word_1_162' title='bbox 468 3137 620 3204; x_wconf 87' lang='lat' dir='ltr'><strong>nobilium</strong></span> <span class='ocrx_word' id='word_1_163' title='bbox 642 3143 870 3224; x_wconf 78' lang='lat' dir='ltr'><strong>Campanorum</strong></span> <span class='ocrx_word' id='word_1_164' title='bbox 905 3169 998 3233; x_wconf 89' lang='lat' dir='ltr'><strong>opera</strong></span> 
     </span>
     <span class='ocr_line' id='line_1_23' title="bbox 58 3239 1005 3360; baseline 0.006 -22"><span class='ocrx_word' id='word_1_165' title='bbox 58 3239 193 3341; x_wconf 83' lang='lat' dir='ltr'><strong>conflato</strong></span> <span class='ocrx_word' id='word_1_166' title='bbox 221 3268 302 3337; x_wconf 87' lang='lat' dir='ltr'><strong>circa</strong></span> <span class='ocrx_word' id='word_1_167' title='bbox 326 3265 451 3348; x_wconf 87' lang='lat' dir='ltr'><strong>forum,</strong></span> <span class='ocrx_word' id='word_1_168' title='bbox 479 3268 714 3349; x_wconf 87' lang='lat' dir='ltr'><strong>comprehensas</strong></span> <span class='ocrx_word' id='word_1_169' title='bbox 735 3268 834 3339; x_wconf 85' lang='lat' dir='ltr'><strong>fuisse</strong></span> <span class='ocrx_word' id='word_1_170' title='bbox 859 3277 1005 3360; x_wconf 59' lang='lat' dir='ltr'><strong>lautumig·</strong></span> 
     </span>
     <span class='ocr_line' id='line_1_24' title="bbox 62 3375 1002 3489; baseline 0.011 -23"><span class='ocrx_word' id='word_1_171' title='bbox 62 3419 121 3485; x_wconf 85' lang='lat' dir='ltr'><strong>as,</strong></span> <span class='ocrx_word' id='word_1_172' title='bbox 152 3401 240 3486; x_wconf 90' lang='lat' dir='ltr'><strong>quod</strong></span> <span class='ocrx_word' id='word_1_173' title='bbox 271 3399 309 3466; x_wconf 87' lang='lat' dir='ltr'><strong>de</strong></span> <span class='ocrx_word' id='word_1_174' title='bbox 330 3375 498 3484; x_wconf 86' lang='lat' dir='ltr'><strong>lapicidinis</strong></span> <span class='ocrx_word' id='word_1_175' title='bbox 519 3399 573 3468; x_wconf 83' lang='lat' dir='ltr'><strong>vix</strong></span> <span class='ocrx_word' id='word_1_176' title='bbox 597 3401 694 3486; x_wconf 88' lang='lat' dir='ltr'><strong>accipi</strong></span> <span class='ocrx_word' id='word_1_177' title='bbox 714 3417 832 3489; x_wconf 85' lang='lat' dir='ltr'><strong>potest.</strong></span> <span class='ocrx_word' id='word_1_178' title='bbox 875 3408 929 3477; x_wconf 83' lang='lat' dir='ltr'><strong>Ex</strong></span> <span class='ocrx_word' id='word_1_179' title='bbox 951 3411 1002 3478; x_wconf 87' lang='lat' dir='ltr'><strong>lris</strong></span> 
     </span>
     <span class='ocr_line' id='line_1_25' title="bbox 942 3557 1006 3610; baseline 0.063 -4"><span class='ocrx_word' id='word_1_180' title='bbox 942 3557 1006 3610; x_wconf 86' lang='lat' dir='ltr'><strong>om-</strong></span> 
     </span>
    </p>
   </div>
   <div class='ocr_carea' id='block_1_4' title="bbox 101 3655 584 3745">
    <p class='ocr_par' dir='ltr' id='par_1_4' title="bbox 101 3655 584 3745">
     <span class='ocr_line' id='line_1_26' title="bbox 101 3655 584 3745; baseline 0.025 -21"><span class='ocrx_word' id='word_1_181' title='bbox 101 3661 156 3743; x_wconf 89' lang='lat' dir='ltr'><strong>(t)</strong></span> <span class='ocrx_word' id='word_1_182' title='bbox 175 3668 210 3729; x_wconf 81' lang='lat' dir='ltr'><strong>t.</strong></span> <span class='ocrx_word' id='word_1_183' title='bbox 230 3670 257 3731; x_wconf 86' lang='lat' dir='ltr'><strong>a.</strong></span> <span class='ocrx_word' id='word_1_184' title='bbox 278 3671 306 3745; x_wconf 74' lang='lat' dir='ltr'><strong>t.</strong></span> <span class='ocrx_word' id='word_1_185' title='bbox 324 3655 353 3732; x_wconf 81' lang='lat'><strong>6.</strong></span> <span class='ocrx_word' id='word_1_186' title='bbox 373 3673 411 3732; x_wconf 90' lang='lat' dir='ltr'><strong>o.</strong></span> <span class='ocrx_word' id='word_1_187' title='bbox 429 3672 462 3731; x_wconf 72' lang='lat' dir='ltr'><strong>a</strong></span> <span class='ocrx_word' id='word_1_188' title='bbox 480 3675 584 3736; x_wconf 73' lang='lat' dir='ltr'><strong>roma.</strong></span> 
     </span>
    </p>
   </div>
   <div class='ocr_carea' id='block_1_5' title="bbox 101 3743 972 3961">
    <p class='ocr_par' dir='ltr' id='par_1_5' title="bbox 101 3731 972 3961">
     <span class='ocr_line' id='line_1_27' title="bbox 101 3743 972 3945; baseline 0.025 -117"><span class='ocrx_word' id='word_1_189' title='bbox 101 3763 157 3851; x_wconf 85' lang='lat' dir='ltr'><strong>(a)</strong></span> <span class='ocrx_word' id='word_1_190' title='bbox 177 3773 213 3832; x_wconf 83' lang='lat' dir='ltr'><strong>l..</strong></span> <span class='ocrx_word' id='word_1_191' title='bbox 232 3776 265 3836; x_wconf 70' lang='lat'><strong>8.</strong></span> <span class='ocrx_word' id='word_1_192' title='bbox 280 3775 309 3848; x_wconf 85' lang='lat'><strong>§.</strong></span> <span class='ocrx_word' id='word_1_193' title='bbox 326 3792 356 3853; x_wconf 82' lang='lat'><strong>4.</strong></span> <span class='ocrx_word' id='word_1_194' title='bbox 376 3773 414 3836; x_wconf 84' lang='lat' dir='ltr'><strong>t).</strong></span> <span class='ocrx_word' id='word_1_195' title='bbox 432 3777 464 3835; x_wconf 81' lang='lat' dir='ltr'><strong>de</strong></span> <span class='ocrx_word' id='word_1_196' title='bbox 483 3779 586 3945; x_wconf 50' lang='lat' dir='ltr'><strong>Poenlgs.</strong></span> <span class='ocrx_word' id='word_1_197' title='bbox 624 3779 660 3842; x_wconf 88' lang='lat' dir='ltr'><strong>L.</strong></span> <span class='ocrx_word' id='word_1_198' title='bbox 679 3782 727 3843; x_wconf 81' lang='lat'><strong>28.</strong></span> <span class='ocrx_word' id='word_1_199' title='bbox 748 3783 776 3860; x_wconf 88' lang='lat'><strong>§.</strong></span> <span class='ocrx_word' id='word_1_200' title='bbox 794 3784 824 3884; x_wconf 69' lang='lat'><strong>⁶?</strong></span> <span class='ocrx_word' id='word_1_201' title='bbox 843 3787 901 3850; x_wconf 78' lang='lat' dir='ltr'><strong>eod.</strong></span> <span class='ocrx_word' id='word_1_202' title='bbox 918 3743 972 3855; x_wconf 26' lang='lat' dir='ltr'><strong>tit..</strong></span> 
     </span>
     <span class='ocr_line' id='line_1_28' title="bbox 591 3898 936 3961; baseline 0.026 -62"><span class='ocrx_word' id='word_1_203' title='bbox 591 3898 609 3961; x_wconf 73' lang='lat'><strong>3</strong></span> <span class='ocrx_word' id='word_1_204' title='bbox 931 3900 936 3908; x_wconf 67' lang='lat'><em>„</em></span> 
     </span>
    </p>
   </div>
   <div class='ocr_carea' id='block_1_6' title="bbox 0 0 1256 4770">
    <p class='ocr_par' dir='ltr' id='par_1_6' title="bbox 0 0 1256 4770">
     <span class='ocr_line' id='line_1_29' title="bbox 0 0 1256 4770; baseline 0 0"><span class='ocrx_word' id='word_1_205' title='bbox 0 0 1256 4770; x_wconf 95' lang='lat' dir='ltr'><strong> </strong></span> 
     </span>
    </p>
   </div>
  </div>
 </body>
</html>
