2498 4764
407 375 669 442 ein-614..

62 551 159 654 uuam
183 585 293 654 ‘poena
317 567 408 637 fuerit
429 583 626 654 usurpatus,
648 569 714 637 sive
736 585 775 634 an
797 563 930 644 iudices,
952 555 1010 628 eri⁴

38 692 161 764 'minis
192 699 368 766 convictum
401 713 453 766 aut
474 690 649 764 confessum
674 712 758 760 reum
791 694 830 758 ad
862 699 1012 758 carcerem

64 811 130 889 iure
152 825 352 906 damnarent,
375 841 409 891 ut
436 844 491 909 per
519 838 637 890 certum
659 821 816 888 definitum
837 831 958 900 tempus
980 816 1013 880 in

52 945 102 1017 «ἑο
123 953 260 1036 degeret.
302 955 427 1034 Verbo,
451 951 628 1036 quaeritur,
650 967 688 1015 an
710 947 841 1014 Romani
861 943 1011 1012 carcerem

64 1081 154 1146 etiam
188 1083 228 1148 ad
261 1101 391 1166 poenam
426 1080 610 1161 habuerint,
642 1099 682 1146 au
719 1077 852 1154 damnati
886 1078 952 1144 iure
980 1075 1013 1143 in'

63 1229 218 1276 carcerem
239 1210 313 1276 duci
339 1211 495 1294 potuerint
514 1212 552 1279 ad
571 1228 699 1296 poenam
721 1208 924 1286 subeundam.
946 1209 1015 1275 Pte-⁴
1088 1263 1092 1276 .

65 1329 178 1422 rique,
200 1342 374 1439 praesertim
396 1344 573 1410 recentioris
595 1343 767 1426 temporis,
787 1357 927 1408 auctores
947 1336 1010 1406 hoc

50 1471 268 1557 ,negant(t).
308 1541 309 1546 γ
360 1523 361 1526 ,
1007 1537 1010 1546 *

37 1647 39 1652 .
73 1649 78 1660 .
110 1597 277 1664 Videamus
308 1612 409 1666 autem
440 1617 478 1666 an
511 1600 592 1667 iure·
634 1599 725 1668 Initio
752 1597 839 1682 regni
859 1593 1014 1675 Romani,

65 1725 255 1806 ‚quum-iura
276 1725 390 1792 incerta
411 1729 500 1793 valde
521 1743 618 1811 erant,
640 1731 770 1796 necdum
783 1725 911 1810 ·legibua
931 1723 1013 1790 mui-

63 1843 105 1917 'tis
127 1852 261 1934 firmata,
293 1855 411 1920 seilicet
432 1854 492 1922 sub
515 1855 678 1940 Regibus,
701 1853 831 1922 Romani
852 1851 1009 1938 plerisque

62 1976 96 2046 in
125 1978 217 2044 rebus
242 1978 359 2061 patriis
392 1957 530 2046 moribus
544 2027 556 2061 ‚
571 2045 572 2048 ,
585 1999 641 2046 seu
674 1979 793 2064 iegibus
814 1977 1010 2058 Albanorum

63 2103 229 2172 utebantur
262 2105 333 2192 (a).
378 2106 560 2172 verosimile
582 2107 677 2188 igitur
697 2107 839 2188 videtur,
861 2107 1012 2174 Romanis

46 2219 142 2298 stunc
164 2233 319 2330 temporis·
334 2247 439 2298 notam
460 2230 708 2316 fuissecarceris
728 2247 854 2314 poenam
871 2277 884 2313 ,
918 2245 949 2298 et
969 2230 1011 2296 ab

61 2361 102 2428 iis
135 2360 297 2442 usitatam,
326 2361 444 2445 quippe
473 2378 557 2442 qua,
590 2374 728 2442 tempore
759 2356 840 2448 regis
859 2377 1010 2441 unum,

60 2489 245 2558 Latinorum
274 2490 493 2572 delinquentes
530 2487 634 2570 puniri
666 2485 822 2555 solebant
839 2486 908 2574 (3).
964 2489 1011 2556 Et

60 2619 123 2684 boc
150 2617 238 2683 etiarn
261 2616 496 2698 quodammodo
517 2613 628 2680 firmari
648 2628 779 2696 potest,
801 2616 902 2682 verbis
923 2634 1009 2684 mvn

60 2741 190 2812 dicentis
220 2744 305 2831 (4),
334 2763 458 2810 nucum
479 2760 647 2816 munerun
666 2759 814 2808 carcerem
834 2743 1009 2809 aedificasse

46 2875 112 2942 »ad
129 2890 287 2942 terrorem
308 2876 520 2940 increscentis
541 2869 722 2956 audaciae‚·
743 2890 821 2955 quae
842 2873 936 2978 verba
957 2893 1010 2944 θα·

60 3024 104 3108 ιιέΙ
122 3005 232 3072 melius
254 3002 470 3085 intelliguntur
491 3003 668 3068 decarcere
688 3003 776 3069 etiarn
796 3003 835 3069 ad
854 3021 1007 3089 poenam,

56 3127 155 3213 ‘quam
177 3130 216 3196 ad
238 3130 336 3195 solam
356 3108 526 3193 custodiam
549 3146 669 3194 reorum
691 3123 858 3216 aedificato,
1003 3133 1006 3136 ’

942 3259 1008 3326 De·

72 3390 77 3462 J
100 3401 157 3480 (r)
187 3400 276 3463 Conf.
302 3401 380 3464 Diss.
398 3400 462 3462 Viri
482 3399 571 3462 Cous.
591 3417 652 3462 viu
674 3415 773 3462 curm
796 3417 858 3462 vura
878 3393 1004 3462 senous.

55 3505 197 3576 ‘erucem
224 3508 257 3568 de
280 3509 440 3583 ergascud's,
476 3507 553 3565 Dias.
577 3505 639 3563 Viri
662 3504 752 3564 Cone.
772 3519 802 3562 c.
820 3517 953 3576 source,
970 3485 1008 3562 de
1031 3499 1032 3502 ’

35 3665 38 3674 2
56 3614 187 3690 'custodia
204 3628 311 3670 reorum
329 3623 359 3668 et
377 3623 509 3668 auctores
527 3608 561 3665 ab
581 3607 615 3666 iis
636 3607 727 3666 citati.

68 3753 69 3756 =
99 3713 154 3791 (a)
173 3731 292 3776 nncurus
310 3711 385 3773 Hr'su
404 3712 466 3770 luc.
483 3710 561 3769 Rom.
582 3711 617 3768 L.
641 3723 666 3768 ι.
686 3722 715 3768 c.
737 3721 763 3769 1.

34 3891 35 3894 Ἴ
99 3813 462 3896 (3)Conf.o10u.unnr.
481 3814 550 3872 Ant.
569 3809 648 3902 Ronu
667 3807 704 3872 L.
725 3825 752 3872 r.
802 3881 803 3886 γ

69 3967 75 3989 r
100 3920 155 4028 (4)
175 3922 210 3982 L.
231 3939 257 3984 ι.
274 3935 303 3986 c.
321 3934 368 4028 337
