2498 4764
337 345 652 411 t-rs-

44 495 129 567 adeo
155 477 312 562 hominum
342 510 424 562 esset
449 496 608 580 repletus,
638 509 674 564 ut
693 494 864 563 incarcerati
884 513 923 561 ne
943 495 992 560 in·

48 625 157 690 clinati
175 605 310 708 'quidem
343 624 515 691 recumbere
546 641 698 709 possent,
732 645 839 693 verum
875 641 992 694 stantes

48 767 197 846 ¹somnum
218 767 323 832 capere
344 751 499 820 deberent.
532 754 583 820 Src
604 770 676 819 sane
697 753 806 817 mirum
825 767 889 817 non
909 767 993 832 erat,

47 883 168 949 multos
188 883 283 948 altem
305 895 352 948 tot
372 900 538 966 corporum
558 878 710 966 pestiferis
733 861 992 965 exspirationibus

10 1025 13 1036 ·
47 985 231 1094 corruptum
257 1009 406 1078 continuo
435 1010 625 1091 inhalantes,
646 1009 791 1096 gravibus
811 1008 926 1076 morbis
947 1007 994 1078 af·

48 1117 151 1205 sectos
173 1136 370 1204 occubuisse.

92 1237 259 1332 Lamnus
279 1261 313 1332 in
332 1264 412 1332 dicta
431 1265 567 1335 oratione
586 1268 735 1351 eleganter
753 1264 814 1349 agit
831 1265 869 1332 de
889 1264 995 1334 causis
1074 1289 1076 1294 ‘

49 1390 146 1480 huius
179 1388 314 1458 iudicum
341 1389 509 1473 tarditatis,
537 1405 663 1476 totaque
690 1392 788 1456 oratio
816 1393 906 1474 digna
926 1411 995 1458 om-

50 1518 128 1586 nino
161 1532 208 1587 est
242 1537 320 1604 quae
348 1519 489 1602 legatur,
518 1519 633 1602 quippe
653 1516 887 1603 descriptionem
909 1519 996 1584 exhi.

51 1649 143 1728 bens,
175 1649 288 1718 indolis
315 1649 548 1737 magistratuum
581 1646 673 1716 buius
706 1643 880 1729 temporis,
915 1663 994 1728 quae

8 1791 10 1794 ’
52 1779 184 1848 multum
212 1796 285 1846 sane
318 1777 433 1846 efficere
465 1791 568 1874 potest
599 1776 638 1844 ad
667 1793 767 1844 veram
789 1772 995 1862 cognitionem
1094 1841 1098 1846 .

51 1927 170 1978 morum
191 1908 258 1976 eius
279 1910 405 1978 saeculi.

95 2039 161 2105 Alii
198 2041 315 2110 seilicet
346 2039 545 2122 magistratus
577 2040 662 2124 parvi
695 2039 845 2108 facientes
879 2054 994 2112 sortem
1087 2047 1090 2056 “
1199 2024 1201 2036 ⁴

48 2186 196 2270 reorum,
235 2167 326 2249 quasi
351 2166 543 2248 accusatione
569 2166 670 2232 omnia
712 2166 778 2233 iura
821 2186 890 2232 cum
918 2168 994 2234 civis

49 2313 117 2368 tum
139 2294 484 2376 lr‘omioisamisissent,
506 2309 536 2362 et
556 2289 660 2384 potior
681 2310 762 2364 esset
783 2311 877 2360 causa
899 2313 994 2378 pecu·
1096 2327 1099 2330 ·

49 2425 117 2497 niae
144 2444 236 2508 quam
265 2423 345 2492 vitae
367 2425 526 2507 hominis,
548 2445 582 2491 se
602 2426 796 2510 negotiorum
818 2421 995 2492 multitudi-

50 2575 90 2628 ne
110 2530 157 2622 ita¹
172 2555 302 2621 obrutos
322 2573 389 2620 esse
409 2554 766 2634 dicebaut‚.utnu11um
788 2549 851 2618 fore
871 2567 993 2634 tempus

50 2685 184 2756 invenire
225 2698 355 2770 possent
395 2683 434 2750 ad
465 2680 577 2750 iudicia
605 2677 768 2750 criminalia
796 2678 992 2766 peragenda,

49 2819 123 2885 dum
144 2829 243 2880 tamen
264 2831 319 2896 per
340 2824 423 2878 totos
445 2811 510 2876 dies
531 2807 706 2876 adsidebant
726 2807 757 2873 in
778 2805 880 2871 causis
901 2823 1009 2887 pecus

49 2939 178 3019 triariis,
207 2955 262 3003 nec
288 2940 456 3006 multorum
478 2948 632 3034 oratorum
653 2935 795 3020 prolixos
817 2951 907 3016 saepe
929 2949 995 2996 ser-

47 3083 157 3134 mones
190 3067 244 3132 de‘
261 3065 445 3148 proprietate
476 3061 552 3129 asini
584 3077 637 3129 aut
662 3063 782 3130 tunicae
802 3063 855 3126 vel·
872 3059 915 3125 rei
936 3059 996 3126 mi-

52 3199 138 3269 noris
162 3193 385 3279 etiampretll,
407 3192 510 3261 audire
530 3190 724 3262 recusabant.

93 3325 159 3394 Alii
188 3342 284 3404 vero,
315 3320 400 3404 quod
424 3321 517 3402 longe
537 3319 625 3399 peius
647 3332 736 3399 erat,
760 3334 849 3382 omne
871 3317 995 3396 tempus

43 3460 83 3548 „in
117 3453 303 3538 spectaculis
336 3451 579 3533 consumebant,
613 3465 645 3519 et
678 3447 804 3516 ludicris
839 3446 889 3511 his
923 3447 996 3527 plus

50 3605 143 3656 curae
174 3584 345 3651 tribuebant
366 3601 458 3666 quam
480 3581 568 3648 seriis
587 3571 731 3661 acubus3
755 3599 790 3645 se
811 3575 996 3644 necessitate

51 3715 150 3796 renui
171 3717 208 3786 ad
229 3715 405 3802 spectacula
425 3703 566 3785 obeunda
587 3713 836 3797 praetendentes,
851 3725 997 3792 metuque

922 3859 999 3927 poe·
