<?xml version="1.0" encoding="UTF-8"?>
<!DOCTYPE html PUBLIC "-//W3C//DTD XHTML 1.0 Transitional//EN"
    "http://www.w3.org/TR/xhtml1/DTD/xhtml1-transitional.dtd">
<html xmlns="http://www.w3.org/1999/xhtml" xml:lang="en" lang="en">
 <head>
  <title>
</title>
<meta http-equiv="Content-Type" content="text/html;charset=utf-8" />
  <meta name='ocr-system' content='tesseract 3.04.00' />
  <meta name='ocr-capabilities' content='ocr_page ocr_carea ocr_par ocr_line ocrx_word'/>
</head>
<body>
  <div class='ocr_page' id='page_1' title='image "./decuraquamroman00westgoog_0057.png"; bbox 0 0 2498 4764; ppageno 0'>
   <div class='ocr_carea' id='block_1_1' title="bbox 595 344 851 426">
    <p class='ocr_par' dir='ltr' id='par_1_1' title="bbox 595 344 851 426">
     <span class='ocr_line' id='line_1_1' title="bbox 595 344 851 426; baseline 0 -30"><span class='ocrx_word' id='word_1_1' title='bbox 595 344 851 426; x_wconf 80' lang='lat'><strong><em>-7⁶·-·</em></strong></span> 
     </span>
    </p>
   </div>
   <div class='ocr_carea' id='block_1_2' title="bbox 247 542 1195 894">
    <p class='ocr_par' dir='ltr' id='par_1_2' title="bbox 247 542 1195 894">
     <span class='ocr_line' id='line_1_2' title="bbox 247 542 1190 637; baseline -0.004 -20"><span class='ocrx_word' id='word_1_2' title='bbox 247 567 383 637; x_wconf 84' lang='lat' dir='ltr'>poenae,</span> <span class='ocrx_word' id='word_1_3' title='bbox 405 551 491 635; x_wconf 88' lang='lat' dir='ltr'>quod</span> <span class='ocrx_word' id='word_1_4' title='bbox 511 566 544 615; x_wconf 86' lang='lat' dir='ltr'>ea</span> <span class='ocrx_word' id='word_1_5' title='bbox 564 548 596 615; x_wconf 92' lang='lat' dir='ltr'>in</span> <span class='ocrx_word' id='word_1_6' title='bbox 616 549 762 614; x_wconf 85' lang='lat' dir='ltr'>honorem</span> <span class='ocrx_word' id='word_1_7' title='bbox 785 543 931 628; x_wconf 91' lang='lat' dir='ltr'>principis</span> <span class='ocrx_word' id='word_1_8' title='bbox 953 542 1190 613; x_wconf 78' lang='lat' dir='ltr'>celebrarentur.</span> 
     </span>
     <span class='ocr_line' id='line_1_3' title="bbox 247 674 1192 770; baseline -0.007 -23"><span class='ocrx_word' id='word_1_9' title='bbox 247 681 442 770; x_wconf 78' lang='lat' dir='ltr'><strong>Quamquam</strong></span> <span class='ocrx_word' id='word_1_10' title='bbox 473 693 597 761; x_wconf 88' lang='lat' dir='ltr'>autem,</span> <span class='ocrx_word' id='word_1_11' title='bbox 626 679 658 744; x_wconf 93' lang='lat' dir='ltr'>in</span> <span class='ocrx_word' id='word_1_12' title='bbox 690 675 889 762; x_wconf 88' lang='lat' dir='ltr'>opprobrium</span> <span class='ocrx_word' id='word_1_13' title='bbox 909 674 994 740; x_wconf 87' lang='lat' dir='ltr'>illius</span> <span class='ocrx_word' id='word_1_14' title='bbox 1015 675 1192 760; x_wconf 86' lang='lat' dir='ltr'>temporis,</span> 
     </span>
     <span class='ocr_line' id='line_1_4' title="bbox 247 803 1195 894; baseline -0.012 -15"><span class='ocrx_word' id='word_1_15' title='bbox 247 827 356 879; x_wconf 80' lang='lat' dir='ltr'>verum</span> <span class='ocrx_word' id='word_1_16' title='bbox 383 811 524 892; x_wconf 88' lang='lat' dir='ltr'>videtur,</span> <span class='ocrx_word' id='word_1_17' title='bbox 552 807 745 894; x_wconf 82' lang='lat' dir='ltr'>magistratus</span> <span class='ocrx_word' id='word_1_18' title='bbox 766 804 950 891; x_wconf 84' lang='lat' dir='ltr'>spectaculis</span> <span class='ocrx_word' id='word_1_19' title='bbox 974 803 1121 871; x_wconf 87' lang='lat' dir='ltr'>interesse</span> <span class='ocrx_word' id='word_1_20' title='bbox 1141 803 1195 870; x_wconf 88' lang='lat' dir='ltr'>ali·</span> 
     </span>
    </p>
   </div>
   <div class='ocr_carea' id='block_1_3' title="bbox 250 934 1195 1404">
    <p class='ocr_par' dir='ltr' id='par_1_3' title="bbox 250 934 1193 1276">
     <span class='ocr_line' id='line_1_5' title="bbox 250 934 1193 1026; baseline -0.007 -18"><span class='ocrx_word' id='word_1_21' title='bbox 250 939 375 1026; x_wconf 76' lang='lat' dir='ltr'>quando</span> <span class='ocrx_word' id='word_1_22' title='bbox 395 940 565 1022; x_wconf 80' lang='lat' dir='ltr'>debuisse,</span> <span class='ocrx_word' id='word_1_23' title='bbox 586 953 685 1006; x_wconf 88' lang='lat' dir='ltr'>tamen</span> <span class='ocrx_word' id='word_1_24' title='bbox 707 939 780 1005; x_wconf 85' lang='lat' dir='ltr'>haec</span> <span class='ocrx_word' id='word_1_25' title='bbox 800 934 969 1004; x_wconf 86' lang='lat' dir='ltr'>necessitas</span> <span class='ocrx_word' id='word_1_26' title='bbox 993 935 1193 1018; x_wconf 85' lang='lat' dir='ltr'>quorumdam</span> 
     </span>
     <span class='ocr_line' id='line_1_6' title="bbox 251 1061 1193 1144; baseline -0.011 -10"><span class='ocrx_word' id='word_1_27' title='bbox 251 1079 369 1134; x_wconf 86' lang='lat' dir='ltr'>tanturn</span> <span class='ocrx_word' id='word_1_28' title='bbox 397 1063 514 1129; x_wconf 91' lang='lat' dir='ltr'>dierum</span> <span class='ocrx_word' id='word_1_29' title='bbox 543 1076 626 1144; x_wconf 88' lang='lat' dir='ltr'>erat,</span> <span class='ocrx_word' id='word_1_30' title='bbox 658 1063 704 1130; x_wconf 90' lang='lat' dir='ltr'>uti</span> <span class='ocrx_word' id='word_1_31' title='bbox 733 1061 879 1128; x_wconf 79' lang='lat' dir='ltr'>natalium</span> <span class='ocrx_word' id='word_1_32' title='bbox 899 1061 1125 1144; x_wconf 83' lang='lat' dir='ltr'>Imperatorum</span> <span class='ocrx_word' id='word_1_33' title='bbox 1144 1072 1193 1132; x_wconf 89' lang='lat' dir='ltr'>aut</span> 
     </span>
     <span class='ocr_line' id='line_1_7' title="bbox 250 1189 463 1276; baseline -0.014 -18"><span class='ocrx_word' id='word_1_34' title='bbox 250 1189 372 1272; x_wconf 83' lang='lat' dir='ltr'>Imperii</span> <span class='ocrx_word' id='word_1_35' title='bbox 393 1189 411 1273; x_wconf 95' lang='lat'>(</span> <span class='ocrx_word' id='word_1_36' title='bbox 432 1192 463 1276; x_wconf 90' lang='lat'>).</span> 
     </span>
    </p>

    <p class='ocr_par' dir='ltr' id='par_1_4' title="bbox 260 1311 1195 1404">
     <span class='ocr_line' id='line_1_8' title="bbox 260 1311 1195 1404; baseline 0.003 -22"><span class='ocrx_word' id='word_1_37' title='bbox 260 1323 263 1330; x_wconf 89' lang='lat'>&#39;</span> <span class='ocrx_word' id='word_1_38' title='bbox 291 1315 425 1404; x_wconf 87' lang='lat' dir='ltr'>Quidam</span> <span class='ocrx_word' id='word_1_39' title='bbox 451 1311 564 1398; x_wconf 91' lang='lat' dir='ltr'>etiam,</span> <span class='ocrx_word' id='word_1_40' title='bbox 592 1333 734 1400; x_wconf 84' lang='lat' dir='ltr'>perversa</span> <span class='ocrx_word' id='word_1_41' title='bbox 762 1317 891 1400; x_wconf 88' lang='lat' dir='ltr'>quadam</span> <span class='ocrx_word' id='word_1_42' title='bbox 915 1317 1103 1384; x_wconf 88' lang='lat' dir='ltr'>humanitate</span> <span class='ocrx_word' id='word_1_43' title='bbox 1125 1319 1195 1385; x_wconf 88' lang='lat' dir='ltr'>duc-</span> 
     </span>
    </p>
   </div>
   <div class='ocr_carea' id='block_1_4' title="bbox 232 1447 1199 1777">
    <p class='ocr_par' dir='ltr' id='par_1_5' title="bbox 232 1447 1199 1777">
     <span class='ocr_line' id='line_1_9' title="bbox 253 1447 1196 1537; baseline 0.004 -22"><span class='ocrx_word' id='word_1_44' title='bbox 253 1447 304 1533; x_wconf 89' lang='lat' dir='ltr'>ti,</span> <span class='ocrx_word' id='word_1_45' title='bbox 326 1450 490 1520; x_wconf 84' lang='lat' dir='ltr'>dicebant:</span> <span class='ocrx_word' id='word_1_46' title='bbox 519 1470 582 1518; x_wconf 89' lang='lat' dir='ltr'>non</span> <span class='ocrx_word' id='word_1_47' title='bbox 603 1469 670 1518; x_wconf 89' lang='lat' dir='ltr'>esse</span> <span class='ocrx_word' id='word_1_48' title='bbox 691 1466 814 1521; x_wconf 87' lang='lat' dir='ltr'>naturae</span> <span class='ocrx_word' id='word_1_49' title='bbox 835 1467 907 1516; x_wconf 88' lang='lat' dir='ltr'>suae</span> <span class='ocrx_word' id='word_1_50' title='bbox 926 1465 1032 1534; x_wconf 91' lang='lat' dir='ltr'>neque</span> <span class='ocrx_word' id='word_1_51' title='bbox 1053 1464 1196 1537; x_wconf 86' lang='lat' dir='ltr'>torquere</span> 
     </span>
     <span class='ocr_line' id='line_1_10' title="bbox 232 1577 1197 1665; baseline 0.004 -23"><span class='ocrx_word' id='word_1_52' title='bbox 232 1613 237 1630; x_wconf 90' lang='lat'>·</span> <span class='ocrx_word' id='word_1_53' title='bbox 252 1577 429 1661; x_wconf 85' lang='lat' dir='ltr'>hominem,</span> <span class='ocrx_word' id='word_1_54' title='bbox 438 1597 539 1665; x_wconf 89' lang='lat' dir='ltr'>neque</span> <span class='ocrx_word' id='word_1_55' title='bbox 554 1595 623 1644; x_wconf 89' lang='lat' dir='ltr'>eum</span> <span class='ocrx_word' id='word_1_56' title='bbox 636 1577 784 1644; x_wconf 87' lang='lat' dir='ltr'>carnificis</span> <span class='ocrx_word' id='word_1_57' title='bbox 797 1579 896 1662; x_wconf 87' lang='lat' dir='ltr'>gladio</span> <span class='ocrx_word' id='word_1_58' title='bbox 910 1577 1084 1663; x_wconf 89' lang='lat' dir='ltr'>subiicere,</span> <span class='ocrx_word' id='word_1_59' title='bbox 1094 1593 1125 1646; x_wconf 88' lang='lat' dir='ltr'>et</span> <span class='ocrx_word' id='word_1_60' title='bbox 1139 1599 1197 1646; x_wconf 86' lang='lat' dir='ltr'>ma·</span> 
     </span>
     <span class='ocr_line' id='line_1_11' title="bbox 253 1703 1199 1777; baseline 0.007 -9"><span class='ocrx_word' id='word_1_61' title='bbox 253 1703 356 1772; x_wconf 85' lang='lat' dir='ltr'>iebant</span> <span class='ocrx_word' id='word_1_62' title='bbox 374 1705 526 1772; x_wconf 86' lang='lat' dir='ltr'>¹homines</span> <span class='ocrx_word' id='word_1_63' title='bbox 550 1720 655 1772; x_wconf 88' lang='lat' dir='ltr'>sontes</span> <span class='ocrx_word' id='word_1_64' title='bbox 678 1706 762 1772; x_wconf 83' lang='lat' dir='ltr'>iuxta</span> <span class='ocrx_word' id='word_1_65' title='bbox 782 1706 920 1772; x_wconf 89' lang='lat' dir='ltr'>insontes</span> <span class='ocrx_word' id='word_1_66' title='bbox 941 1709 974 1776; x_wconf 87' lang='lat' dir='ltr'>in</span> <span class='ocrx_word' id='word_1_67' title='bbox 995 1726 1114 1777; x_wconf 86' lang='lat' dir='ltr'>carcere</span> <span class='ocrx_word' id='word_1_68' title='bbox 1136 1728 1199 1775; x_wconf 86' lang='lat' dir='ltr'>mo·</span> 
     </span>
    </p>
   </div>
   <div class='ocr_carea' id='block_1_5' title="bbox 251 1832 1211 2322">
    <p class='ocr_par' dir='ltr' id='par_1_6' title="bbox 252 1832 1198 1928">
     <span class='ocr_line' id='line_1_12' title="bbox 252 1832 1198 1928; baseline 0.011 -26"><span class='ocrx_word' id='word_1_69' title='bbox 252 1832 392 1916; x_wconf 81' lang='lat' dir='ltr'>tiquam</span> <span class='ocrx_word' id='word_1_70' title='bbox 413 1837 472 1904; x_wconf 90' lang='lat' dir='ltr'>hos</span> <span class='ocrx_word' id='word_1_71' title='bbox 494 1855 531 1904; x_wconf 83' lang='lat' dir='ltr'>ex</span> <span class='ocrx_word' id='word_1_72' title='bbox 551 1856 657 1903; x_wconf 91' lang='lat' dir='ltr'>eorum</span> <span class='ocrx_word' id='word_1_73' title='bbox 679 1839 827 1906; x_wconf 85' lang='lat' dir='ltr'>sententia</span> <span class='ocrx_word' id='word_1_74' title='bbox 839 1837 973 1922; x_wconf 85' lang='lat' dir='ltr'>legitime</span> <span class='ocrx_word' id='word_1_75' title='bbox 985 1839 1146 1925; x_wconf 86' lang='lat' dir='ltr'>interfici(</span> <span class='ocrx_word' id='word_1_76' title='bbox 1167 1843 1198 1928; x_wconf 82' lang='lat'>).</span> 
     </span>
    </p>

    <p class='ocr_par' dir='ltr' id='par_1_7' title="bbox 251 1967 1211 2322">
     <span class='ocr_line' id='line_1_13' title="bbox 297 1967 1211 2056; baseline 0.001 -18"><span class='ocrx_word' id='word_1_77' title='bbox 297 1971 357 2038; x_wconf 89' lang='lat' dir='ltr'>His</span> <span class='ocrx_word' id='word_1_78' title='bbox 387 1984 418 2036; x_wconf 92' lang='lat' dir='ltr'>et</span> <span class='ocrx_word' id='word_1_79' title='bbox 450 1968 557 2039; x_wconf 85' lang='lat' dir='ltr'>multis</span> <span class='ocrx_word' id='word_1_80' title='bbox 585 1968 651 2036; x_wconf 84' lang='lat' dir='ltr'>aliis</span> <span class='ocrx_word' id='word_1_81' title='bbox 681 1969 801 2048; x_wconf 91' lang='lat' dir='ltr'>modis,</span> <span class='ocrx_word' id='word_1_82' title='bbox 832 1967 943 2036; x_wconf 87' lang='lat' dir='ltr'>iudicia</span> <span class='ocrx_word' id='word_1_83' title='bbox 963 1969 1128 2037; x_wconf 87' lang='lat' dir='ltr'>criminalia</span> <span class='ocrx_word' id='word_1_84' title='bbox 1148 1988 1211 2056; x_wconf 84' lang='lat' dir='ltr'>per</span> 
     </span>
     <span class='ocr_line' id='line_1_14' title="bbox 251 2101 1201 2192; baseline -0.001 -21"><span class='ocrx_word' id='word_1_85' title='bbox 251 2103 382 2188; x_wconf 71' lang='lat' dir='ltr'>&#39;longum</span> <span class='ocrx_word' id='word_1_86' title='bbox 402 2104 548 2187; x_wconf 90' lang='lat' dir='ltr'>temporis</span> <span class='ocrx_word' id='word_1_87' title='bbox 570 2103 706 2189; x_wconf 88' lang='lat' dir='ltr'>spatium</span> <span class='ocrx_word' id='word_1_88' title='bbox 727 2102 1000 2188; x_wconf 84' lang='lat' dir='ltr'>protrahebantur,</span> <span class='ocrx_word' id='word_1_89' title='bbox 1020 2101 1111 2172; x_wconf 87' lang='lat' dir='ltr'>itaut</span> <span class='ocrx_word' id='word_1_90' title='bbox 1128 2125 1201 2192; x_wconf 87' lang='lat' dir='ltr'>pau·</span> 
     </span>
     <span class='ocr_line' id='line_1_15' title="bbox 253 2229 1199 2322; baseline 0.001 -18"><span class='ocrx_word' id='word_1_91' title='bbox 253 2229 283 2304; x_wconf 76' lang='lat' dir='ltr'>ei</span> <span class='ocrx_word' id='word_1_92' title='bbox 308 2250 426 2305; x_wconf 88' lang='lat' dir='ltr'>tantum</span> <span class='ocrx_word' id='word_1_93' title='bbox 448 2257 465 2306; x_wconf 94' lang='lat' dir='ltr'>e</span> <span class='ocrx_word' id='word_1_94' title='bbox 485 2237 627 2306; x_wconf 90' lang='lat' dir='ltr'>custodia</span> <span class='ocrx_word' id='word_1_95' title='bbox 647 2237 885 2322; x_wconf 84' lang='lat' dir='ltr'>egrederentur,</span> <span class='ocrx_word' id='word_1_96' title='bbox 906 2247 937 2300; x_wconf 93' lang='lat' dir='ltr'>et</span> <span class='ocrx_word' id='word_1_97' title='bbox 956 2252 1060 2304; x_wconf 88' lang='lat' dir='ltr'>carcer</span> <span class='ocrx_word' id='word_1_98' title='bbox 1081 2244 1199 2314; x_wconf 86' lang='lat' dir='ltr'>tandem</span> 
     </span>
    </p>
   </div>
   <div class='ocr_carea' id='block_1_6' title="bbox 251 2370 1195 2582">
    <p class='ocr_par' dir='ltr' id='par_1_8' title="bbox 251 2370 1195 2582">
     <span class='ocr_line' id='line_1_16' title="bbox 251 2370 1195 2452; baseline 0.018 -19"><span class='ocrx_word' id='word_1_99' title='bbox 251 2373 293 2436; x_wconf 86' lang='lat' dir='ltr'>ita</span> <span class='ocrx_word' id='word_1_100' title='bbox 322 2370 521 2452; x_wconf 87' lang='lat' dir='ltr'>impleretur,</span> <span class='ocrx_word' id='word_1_101' title='bbox 549 2375 586 2446; x_wconf 80' lang='lat' dir='ltr'>&#39;ut</span> <span class='ocrx_word' id='word_1_102' title='bbox 603 2385 761 2438; x_wconf 88' lang='lat' dir='ltr'>accusatos</span> <span class='ocrx_word' id='word_1_103' title='bbox 782 2389 888 2440; x_wconf 87' lang='lat' dir='ltr'>omnes</span> <span class='ocrx_word' id='word_1_104' title='bbox 908 2387 972 2439; x_wconf 92' lang='lat' dir='ltr'>non</span> <span class='ocrx_word' id='word_1_105' title='bbox 993 2374 1060 2442; x_wconf 88' lang='lat' dir='ltr'>nisi·</span> <span class='ocrx_word' id='word_1_106' title='bbox 1077 2393 1195 2452; x_wconf 75' lang='lat' dir='ltr'>stantes</span> 
     </span>
     <span class='ocr_line' id='line_1_17' title="bbox 254 2512 587 2582; baseline 0.018 -16"><span class='ocrx_word' id='word_1_107' title='bbox 254 2513 361 2580; x_wconf 87' lang='lat' dir='ltr'>capere</span> <span class='ocrx_word' id='word_1_108' title='bbox 381 2512 504 2582; x_wconf 85' lang='lat' dir='ltr'>posset.</span> <span class='ocrx_word' id='word_1_109' title='bbox 556 2525 559 2532; x_wconf 31' lang='lat' dir='ltr'>r</span> <span class='ocrx_word' id='word_1_110' title='bbox 583 2559 587 2572; x_wconf 87' lang='grc'><strong><em>,</em></strong></span> 
     </span>
    </p>
   </div>
   <div class='ocr_carea' id='block_1_7' title="bbox 263 2749 1148 2852">
    <p class='ocr_par' dir='ltr' id='par_1_9' title="bbox 263 2749 1148 2852">
     <span class='ocr_line' id='line_1_18' title="bbox 263 2749 1148 2852; baseline 0.017 -25"><span class='ocrx_word' id='word_1_111' title='bbox 263 2749 266 2762; x_wconf 82' lang='lat'>&#39;</span> <span class='ocrx_word' id='word_1_112' title='bbox 308 2763 340 2848; x_wconf 75' lang='grc' dir='ltr'>ς.</span> <span class='ocrx_word' id='word_1_113' title='bbox 359 2759 396 2830; x_wconf 46' lang='grc' dir='ltr'>γα.</span> <span class='ocrx_word' id='word_1_114' title='bbox 442 2761 494 2829; x_wconf 70' lang='lat' dir='ltr'>De</span> <span class='ocrx_word' id='word_1_115' title='bbox 516 2764 592 2830; x_wconf 76' lang='lat' dir='ltr'>aun</span> <span class='ocrx_word' id='word_1_116' title='bbox 614 2765 839 2852; x_wconf 72' lang='lat' dir='ltr'>aedificiorum</span> <span class='ocrx_word' id='word_1_117' title='bbox 863 2765 1017 2834; x_wconf 71' lang='lat' dir='ltr'>eiusnodi</span> <span class='ocrx_word' id='word_1_118' title='bbox 1039 2771 1148 2842; x_wconf 70' lang='lat' dir='ltr'>vrttes.</span> 
     </span>
    </p>
   </div>
   <div class='ocr_carea' id='block_1_8' title="bbox 255 3019 1206 3366">
    <p class='ocr_par' dir='ltr' id='par_1_10' title="bbox 255 3019 1206 3366">
     <span class='ocr_line' id='line_1_19' title="bbox 297 3019 1203 3120; baseline 0.018 -32"><span class='ocrx_word' id='word_1_119' title='bbox 297 3019 369 3088; x_wconf 89' lang='lat' dir='ltr'>Huc</span> <span class='ocrx_word' id='word_1_120' title='bbox 390 3021 478 3090; x_wconf 90' lang='lat' dir='ltr'>etiam</span> <span class='ocrx_word' id='word_1_121' title='bbox 499 3023 604 3092; x_wconf 80' lang='lat' dir='ltr'>referri</span> <span class='ocrx_word' id='word_1_122' title='bbox 624 3026 735 3094; x_wconf 90' lang='lat' dir='ltr'>debent</span> <span class='ocrx_word' id='word_1_123' title='bbox 756 3031 855 3100; x_wconf 82' lang='lat' dir='ltr'>omnio</span> <span class='ocrx_word' id='word_1_124' title='bbox 876 3032 950 3100; x_wconf 88' lang='lat' dir='ltr'>vitia</span> <span class='ocrx_word' id='word_1_125' title='bbox 970 3038 1203 3120; x_wconf 86' lang='lat' dir='ltr'>exstructionis,</span> 
     </span>
     <span class='ocr_line' id='line_1_20' title="bbox 255 3143 1202 3254; baseline 0.016 -35"><span class='ocrx_word' id='word_1_126' title='bbox 255 3173 333 3237; x_wconf 84' lang='lat' dir='ltr'>quae</span> <span class='ocrx_word' id='word_1_127' title='bbox 359 3153 477 3222; x_wconf 86' lang='lat' dir='ltr'>sanitati</span> <span class='ocrx_word' id='word_1_128' title='bbox 498 3143 690 3228; x_wconf 88' lang='lat' dir='ltr'>inclusorum</span> <span class='ocrx_word' id='word_1_129' title='bbox 711 3175 838 3235; x_wconf 82' lang='lat' dir='ltr'>nocent.</span> <span class='ocrx_word' id='word_1_130' title='bbox 880 3163 1051 3236; x_wconf 67' lang='lat' dir='ltr'>unumne</span> <span class='ocrx_word' id='word_1_131' title='bbox 1075 3168 1202 3254; x_wconf 88' lang='lat' dir='ltr'>quidem</span> 
     </span>
     <span class='ocr_line' id='line_1_21' title="bbox 1141 3311 1206 3366; baseline 0.062 -3"><span class='ocrx_word' id='word_1_132' title='bbox 1141 3311 1206 3366; x_wconf 85' lang='lat' dir='ltr'>tam·</span> 
     </span>
    </p>
   </div>
   <div class='ocr_carea' id='block_1_9' title="bbox 150 3451 1203 3696">
    <p class='ocr_par' dir='ltr' id='par_1_11' title="bbox 150 3451 1203 3696">
     <span class='ocr_line' id='line_1_22' title="bbox 150 3451 1203 3582; baseline 0.011 -29"><span class='ocrx_word' id='word_1_133' title='bbox 150 3567 151 3570; x_wconf 8' lang='grc' dir='ltr'><strong>Ἴ</strong></span> <span class='ocrx_word' id='word_1_134' title='bbox 294 3491 456 3572; x_wconf 63' lang='lat' dir='ltr'>(Mons.</span> <span class='ocrx_word' id='word_1_135' title='bbox 476 3495 511 3554; x_wconf 91' lang='lat' dir='ltr'>L.</span> <span class='ocrx_word' id='word_1_136' title='bbox 533 3510 571 3570; x_wconf 87' lang='lat' dir='ltr'>r,</span> <span class='ocrx_word' id='word_1_137' title='bbox 591 3512 626 3570; x_wconf 82' lang='lat' dir='ltr'>a,</span> <span class='ocrx_word' id='word_1_138' title='bbox 648 3511 676 3570; x_wconf 80' lang='lat'>3.</span> <span class='ocrx_word' id='word_1_139' title='bbox 705 3497 766 3560; x_wconf 56' lang='lat' dir='ltr'>cod,</span> <span class='ocrx_word' id='word_1_140' title='bbox 784 3495 836 3561; x_wconf 65' lang='lat' dir='ltr'>Th</span> <span class='ocrx_word' id='word_1_141' title='bbox 849 3499 883 3560; x_wconf 78' lang='lat' dir='ltr'>de</span> <span class='ocrx_word' id='word_1_142' title='bbox 900 3451 1025 3582; x_wconf 61' lang='lat' dir='ltr'>Spectat,</span> <span class='ocrx_word' id='word_1_143' title='bbox 1044 3497 1079 3562; x_wconf 71' lang='lat' dir='ltr'>L.</span> <span class='ocrx_word' id='word_1_144' title='bbox 1100 3504 1153 3568; x_wconf 78' lang='lat' dir='ltr'>ult.</span> <span class='ocrx_word' id='word_1_145' title='bbox 1171 3501 1203 3565; x_wconf 73' lang='lat' dir='ltr'>C·</span> 
     </span>
     <span class='ocr_line' id='line_1_23' title="bbox 258 3614 888 3696; baseline 0.011 -22"><span class='ocrx_word' id='word_1_146' title='bbox 258 3619 290 3674; x_wconf 71' lang='lat' dir='ltr'>da</span> <span class='ocrx_word' id='word_1_147' title='bbox 297 3617 389 3691; x_wconf 75' lang='lat' dir='ltr'>feriis.</span> <span class='ocrx_word' id='word_1_148' title='bbox 407 3615 443 3677; x_wconf 84' lang='lat' dir='ltr'>L.</span> <span class='ocrx_word' id='word_1_149' title='bbox 464 3635 491 3676; x_wconf 81' lang='lat' dir='ltr'>a.</span> <span class='ocrx_word' id='word_1_150' title='bbox 508 3616 541 3678; x_wconf 76' lang='grc' dir='ltr'>ί.</span> <span class='ocrx_word' id='word_1_151' title='bbox 559 3614 606 3676; x_wconf 84' lang='lat' dir='ltr'>Th.</span> <span class='ocrx_word' id='word_1_152' title='bbox 625 3619 659 3677; x_wconf 82' lang='lat' dir='ltr'>de</span> <span class='ocrx_word' id='word_1_153' title='bbox 676 3634 782 3696; x_wconf 74' lang='lat' dir='ltr'>experet.</span> <span class='ocrx_word' id='word_1_154' title='bbox 800 3621 888 3682; x_wconf 72' lang='lat' dir='ltr'>ledor.</span> 
     </span>
    </p>
   </div>
   <div class='ocr_carea' id='block_1_10' title="bbox 296 3725 1131 3816">
    <p class='ocr_par' dir='ltr' id='par_1_12' title="bbox 296 3709 1131 3816">
     <span class='ocr_line' id='line_1_24' title="bbox 296 3725 1131 3816; baseline 0.022 -28"><span class='ocrx_word' id='word_1_155' title='bbox 296 3725 352 3805; x_wconf 50' lang='grc' dir='ltr'>ει)</span> <span class='ocrx_word' id='word_1_156' title='bbox 383 3732 473 3794; x_wconf 73' lang='lat' dir='ltr'>conf.</span> <span class='ocrx_word' id='word_1_157' title='bbox 491 3749 626 3798; x_wconf 66' lang='lat' dir='ltr'>tuarum</span> <span class='ocrx_word' id='word_1_158' title='bbox 645 3735 725 3798; x_wconf 70' lang='lat' dir='ltr'>otu.</span> <span class='ocrx_word' id='word_1_159' title='bbox 741 3727 799 3802; x_wconf 78' lang='lat' dir='ltr'>or.</span> <span class='ocrx_word' id='word_1_160' title='bbox 818 3738 834 3816; x_wconf 80' lang='lat' dir='ltr'>s</span> <span class='ocrx_word' id='word_1_161' title='bbox 853 3737 894 3812; x_wconf 83' lang='lat' dir='ltr'>s,</span> <span class='ocrx_word' id='word_1_162' title='bbox 911 3753 955 3812; x_wconf 74' lang='lat'>9,</span> <span class='ocrx_word' id='word_1_163' title='bbox 975 3753 1011 3804; x_wconf 69' lang='grc' dir='ltr'>κο</span> <span class='ocrx_word' id='word_1_164' title='bbox 1032 3753 1061 3803; x_wconf 80' lang='lat' dir='ltr'>et</span> <span class='ocrx_word' id='word_1_165' title='bbox 1084 3757 1131 3808; x_wconf 76' lang='lat' dir='ltr'>n.</span> 
     </span>
    </p>
   </div>
   <div class='ocr_carea' id='block_1_11' title="bbox 0 0 1264 4764">
    <p class='ocr_par' dir='ltr' id='par_1_13' title="bbox 0 0 1264 4764">
     <span class='ocr_line' id='line_1_25' title="bbox 0 0 1264 4764; baseline 0 0"><span class='ocrx_word' id='word_1_166' title='bbox 0 0 1264 4764; x_wconf 95' lang='lat' dir='ltr'> </span> 
     </span>
    </p>
   </div>
  </div>
 </body>
</html>
