2498 4764
412 371 567 456 *er-*87
607 403 676 426 ...-

72 563 170 636 tuat.
194 571 387 651 tutamina,
413 571 437 637 i.
461 588 491 639 e.
514 585 549 636 ut
570 569 628 636 viri
651 585 682 636 et
704 568 871 651 mulieres,
893 569 1015 638 etiamsi

62 696 203 764 cruninis
232 698 411 780 aequalitate
438 701 659 782 iungerentur,
672 761 673 766 ,
687 717 753 767 non
781 715 886 768 ,tamen
906 700 939 770 in
955 717 1017 768 eo-

70 823 137 888 dem
158 824 289 890 carceris
309 825 378 890 loco
399 826 665 910 custodirentur(
687 829 717 914 ).
899 909 900 912 Ἴ

111 955 185 1055 ῌοο
205 941 305 1050 autern
324 969 434 1037 postea
454 954 769 1058 correxitinrperator
781 971 1015 1030 rusrruuuus.

70 1083 130 1150 Hic
161 1083 241 1151 enirn
269 1083 390 1165 iussit,
408 1098 444 1150 ut
464 1083 634 1166 mulieres,
658 1083 686 1152 si
708 1099 769 1151 tarn
791 1103 881 1169 grave
902 1084 1018 1154 crimen

71 1214 293 1296 admisissent,
315 1228 351 1282 ut
372 1213 606 1282 fideiussoribus
626 1214 781 1281 conmitti
791 1233 855 1282 non
867 1227 1018 1298 possent,

68 1361 169 1411 tamen
190 1363 346 1428 nunquam
367 1343 399 1408 in
420 1362 570 1423 carcerem
592 1346 794 1432 ducerentur,
818 1343 927 1430 sedin
950 1363 1020 1436 nto·

69 1451 202 1582 nasterio
225 1497 279 1549 aut
312 1480 458 1548 asceterio
487 1480 739 1559 custodirentur,
765 1481 814 1544 vel
836 1479 1017 1544 mulieribus
1095 1559 1096 1562 Ἴ

68 1587 274 1695 traderentur,
308 1631 365 1696 per
392 1630 470 1695 quas
505 1610 629 1693 pubiire
663 1621 693 1674 et
736 1609 832 1675 libere
864 1607 1020 1676 custodiri

67 1755 212 1823 possent.
263 1738 299 1804 ln
332 1738 451 1804 iudices
480 1739 553 1804 haec
583 1756 647 1806 non
669 1714 869 1804 observantes
891 1711 1022 1822 poenarn

67 1845 199 1950 statuit,
221 1867 331 1952 viginti
352 1867 498 1934 librarum
520 1866 608 1950 auri,
630 1867 658 1933 si
679 1865 811 1933 maiores
833 1880 936 1934 essent
956 1885 1024 1964 nra·

23 1981 32 1998 ⁸
66 1998 240 2080 guttatus,
263 1996 311 2062 sin
331 1995 467 2060 minores
490 1995 616 2077 decem,
640 1995 677 2059 iis
700 1995 876 2062 obedientes
903 1994 1021 2080 spolia·
1094 1995 1095 2000 ’

66 2141 118 2194 tos
140 2121 264 2203 cingulo
285 2120 317 2184 in
339 2118 463 2184 exilium
485 2103 565 2185 mitti
596 2121 698 2188 voluit
723 2124 740 2207 (
764 2133 794 2204 j.

71 2232 76 2238 ’
112 2249 148 2316 Si
170 2266 241 2338 qurs
261 2245 341 2313 forte
362 2263 468 2330 rogat,
491 2241 583 2336 quare
605 2249 774 2331 Imperator
795 2266 1020 2316 rusruuuuus

67 2349 145 2450 itanc
167 2359 365 2444 mutationem
386 2375 512 2460 fecerit,
535 2396 575 2444 an
602 2377 736 2445 castitati
767 2396 830 2445 non
852 2378 925 2444 satis
947 2363 1023 2470 con·

67 2506 217 2576 suluisset
237 2483 499 2585 cousraurrus,
534 2503 644 2571 iubens
674 2522 713 2569 ne
736 2503 842 2570 iisdem
878 2481 1021 2569 claustris

67 2605 179 2702 diversi
199 2605 296 2699 sexus*
320 2651 469 2716 personae
496 2646 697 2711 tenerentur3
734 2632 901 2696 dicendum
935 2633 1023 2730 vide-

69 2755 154 2845 tur,
171 2782 404 2832 rusrruruuuru
432 2762 509 2828 iliud
537 2760 620 2828 forte
660 2761 729 2826 ideo
759 2776 917 2841 mutasse,
949 2759 1022 2849 quia

67 2893 237 2982 incarcere
269 2891 372 2978 viriles
405 2891 552 2958 custodes
590 2888 803 2984 habebantur,
835 2891 921 2979 quod
943 2891 1023 2956 forte

66 2995 163 3102 aeque
184 3022 388 3103 pernrciosum
403 2995 532 3112 [putauit
565 3019 720 3103 castitati,
765 3033 856 3114 quarn
885 3019 969 3085 viros
992 3035 1026 3120 et

67 3149 211 3216 mulieres
244 3165 309 3214 uno
345 3148 415 3212 loco
448 3145 611 3212 custodiri.
669 3146 753 3212 Haec
787 3161 888 3213 autern
912 3147 1021 3227 opinio

67 3280 206 3349 firmatur
245 3277 344 3361 ipsius
369 3275 565 3360 Imperatoris
585 3276 708 3372 verbis,
739 3276 770 3342 in
796 3275 928 3343 Nouell.
963 3267 1024 3358 13'4
1191 3261 1192 3264 ¹

71 3409 108 3476 C.
131 3427 150 3491 9
174 3408 227 3473 ubi
248 3409 343 3474 dicit:
392 3409 564 3489 „Nullam
587 3409 670 3474 enim
692 3405 890 3484 mulierem,
914 3387 1026 3470 auria

69 3555 236 3603 carcarem
258 3537 348 3603 mitti
363 3517 588 3615 concedimur,
613 3549 673 3600 aut
696 3555 717 3599 a
737 3535 821 3600 uirt's
837 3526 1025 3616 custodiri}
1096 3597 1098 3602 ,

871 3669 894 3685 ⁶
966 3661 1027 3718 ‘ud

107 3729 164 3812 (r)
184 3733 271 3797 conf.
291 3733 326 3794 n.
346 3749 374 3806 3·
395 3733 457 3793 cod.
475 3732 523 3794 Th.
541 3734 574 3793 de
585 3732 698 3795 custod.
718 3751 790 3814 reor.
850 3743 851 3748 ’

62 3877 67 3892 ,
108 3835 164 3918 ῳ)
185 3837 273 3900 Conf.
293 3836 327 3899 L.
347 3851 375 3911 3.
397 3838 433 3899 C.
453 3835 532 3914 auth.
552 3835 640 3898 hade.
656 3839 690 3899 de
708 3837 828 3912 custodia
847 3853 964 3930 reorent.
