2498 4764
265 385 269 393 ·
376 364 525 430 *su
567 373 652 404 -ι

50 537 240 624 ‘sententiam
263 537 332 605 mali
352 539 470 623 aliquid
491 539 554 624 poti
575 537 682 620 debet,
700 549 735 604 et
758 536 888 620 quisque
906 523 1005 616 ervis,

35 667 193 738 'satiemus
226 667 363 735 criminis
390 681 572 750 accusatus,
602 667 649 732 ius
677 664 767 732 habet
798 664 940 748 petendi,
972 676 1009 730 ut

52 799 158 866 'statim
190 816 225 863 ac
246 797 311 864 fieri
332 797 457 882 possit,
487 797 539 864 fiat
560 795 734 879 inquisitio.
779 795 902 862 Interim
923 795 1005 859 iuste

53 928 180 1010 quidem
201 926 394 1008 custoditur,
416 927 446 991 si
467 925 664 1014 metussadsit
685 939 725 990 ne
745 924 877 1009 fugace
890 929 1006 1005 poenae¹

55 1047 231 1119 subducere
251 1066 390 1135 conetur.
434 1051 550 1122 Verum
571 1065 662 1114 omne
682 1049 794 1114 malum
816 1047 901 1129 quod
921 1055 1010 1130 prae·-

55 1191 106 1244 ter
127 1179 205 1244 hanc
227 1176 426 1242 necessariam
449 1173 644 1257 custodiam,
666 1188 697 1239 et
718 1189 796 1255 quae
817 1193 834 1239 a
854 1185 920 1238 tuta
940 1191 1026 1239 cer·¹

56 1320 153 1388 taque
184 1305 325 1371 custodia
357 1287 490 1387 separari
522 1316 704 1384 nequeunt,
737 1301 766 1365 ei
785 1300 940 1381 infertur,
962 1297 1011 1364 irt-

60 1436 142 1502 iuste
174 1435 299 1518 patitur.
343 1437 447 1514 Atque
469 1432 541 1497 haec
563 1429 629 1513 ipsa
648 1427 783 1512 legitima
803 1429 942 1494 custodia
961 1427 1012 1494 -fit

57 1559 192 1647 iniusta,
207 1565 330 1648 quoties
352 1563 499 1630 iudicium
521 1561 587 1628 sine
606 1558 786 1628 necessitate
806 1557 1011 1644 protrahitur,

1 1755 4 1758 ,
61 1694 150 1760 etiam
172 1693 199 1758 si
220 1707 328 1776 postea
349 1695 523 1760 damnetur.r

109 1826 226 1891 Verum
260 1824 333 1889 haec
367 1823 468 1888 omnia
502 1839 565 1887 non
597 1833 715 1889 tantum
738 1820 850 1887 iniusta
871 1833 943 1886 sunt
964 1837 1011 1886 re-

62 1971 176 2042 spectu
198 1975 320 2039 eorum,
343 1943 448 2050 quiad
469 1956 641 2022 custodium
655 1949 857 2037 et'antequam
870 1955 1015 2020 condem-

64 2082 130 2150 n'ati
153 2081 237 2162 sint,
259 2083 292 2145 in
312 2100 431 2148 carcere
451 2083 664 2162 continentur,
682 2085 742 2149 'sed
762 2083 841 2150 idem
853 2084 1014 2152 dicendum
1109 2081 1113 2090 '

64 2213 188 2280 videtur
219 2211 256 2276 de
279 2210 336 2293 iis,
369 2210 424 2294 qui
444 2211 483 2277 od
504 2203 632 2293 poenum
654 2211 781 2276 carceris
803 2213 949 2279 sententia
969 2215 1017 2280 iu·

66 2337 146 2407 dicis
180 2338 310 2404 damnati
345 2353 429 2406 sunt.
473 2337 598 2406 Etenim
620 2338 707 2404 'haec
735 2357 835 2423 poena
872 2345 930 2409 sud
963 2361 1019 2411 na-

65 2469 139 2536 turd
164 2481 282 2534 tantum
316 2468 458 2554 consistit
488 2467 519 2532 in
553 2466 722 2550 privatione
752 2465 901 2566 libertatis
924 2467 1015 2560 agen
1128 2483 1131 2490 ’
1231 2447 1233 2454 ⁴

66 2596 120 2673 di,
144 2608 185 2660 ets
195 2595 224 2658 si
243 2595 396 2676 legislator
417 2597 491 2663 velit
518 2596 691 2663 damnatum
713 2600 784 2679 plus
815 2577 918 2668 damni
952 2602 1021 2668 suf·

67 2720 178 2801 terre,
201 2721 261 2785 hoc
283 2738 424 2802 expresse
444 2721 552 2785 addere
573 2721 676 2786 debet.
694 2731 695 2734 ’
730 2721 810 2810 Quis
832 2741 932 2793 autem
953 2747 1018 2795 non

69 2869 219 2922 summam
253 2867 322 2914 esse
353 2847 553 2928 iniustitiam,
589 2849 712 2916 homine
733 2852 847 2920 ratione
879 2856 1017 2940 praedito

68 2981 226 3064 indignam
247 2992 278 3043 et
298 2996 426 3060 prorsus
446 2994 509 3046 non
523 2979 675 3080 ferendam
687 2984 896 3068 crudelitatem
913 3002 1016 3073 putet,
1049 3033 1050 3036 ,

69 3111 104 3176 si
129 3108 201 3192 quis
222 3106 289 3188 lege
308 3107 346 3172 ad
367 3123 499 3189 poenam
533 3111 659 3176 carceris
693 3107 929 3204 condemnetur,
963 3119 1020 3186 hac

71 3238 286 3304 conditione:
321 3249 357 3302 ut
390 3235 451 3302 loci
481 3207 646 3320 angustia,
692 3242 769 3308 aeris
802 3245 1020 3328 corruptione,

72 3364 288 3440 immunditate
302 3362 455 3447 ‚·inedia,
489 3365 596 3433 aliisve
629 3367 737 3451 malis,
763 3367 901 3453 corporis
921 3385 1023 3453 partes

73 3493 254 3564 subtiliores
288 3488 465 3576 frangantur
486 3507 515 3560 et
537 3495 581 3561 sic
613 3498 756 3578 paulatim
787 3513 818 3565 et
847 3499 937 3581 quasi
966 3515 1023 3581 per

75 3615 224 3700 temporis
246 3615 407 3684 dilationes
427 3634 570 3700 necetur,
592 3635 628 3692 ut
662 3622 780 3690 interim
815 3624 917 3689 omnis
951 3615 1025 3692 'sens
1096 3635 1101 3642 '‘

80 3762 136 3827 pus
167 3744 344 3816 moralitatis
373 3745 536 3831 extirpari,
559 3747 708 3836 quidquid
729 3749 880 3830 bonorum
902 3765 1023 3822 mntrun'

972 3885 1026 3949 ad-
