2498 4764
281 339 753 410 ⁴·.·59····

67 513 292 612 geinssonbus.
306 535 408 604 neque
435 521 583 590 militibus
617 523 766 594 committi
788 522 911 592 deberet
933 525 1009 612 (a).

46 653 167 740 „Quod
197 667 307 736 putant
326 655 503 738 interpretes
532 621 636 723 locum
668 653 839 736 habuisse,
888 655 1013 738 quoties

67 781 185 866 crimen
209 794 377 874 mereretur·
399 802 529 868 poenam
549 784 764 870 corporalem,
785 785 835 850 vel
855 782 946 851 aliam
967 801 1017 853 ta·

67 915 151 1000 lem,
183 914 235 980 cui
258 915 514 1000 praesumendum
546 930 646 998 esset,
673 933 761 984 reum
781 934 816 982 se
835 932 891 1000 per
909 914 1022 1000 fugam-

67 1043 295 1122 subducturum
316 1061 386 1112 esse
405 1043 476 1133 (2).
520 1039 554 1108 Si
568 1040 740 1134 confessus
764 1051 846 1112 esset
868 1061 960 1126 reus,
982 1029 1026 1114 in'

66 1170 204 1266 publicis
235 1173 372 1260 vinculis
407 1189 476 1242 eum
508 1171 746 1240 custodiendum
779 1191 869 1254 esse,
904 1171 1014 1240 scribit

66 1317 277 1401 renuamus
302 1301 390 1391 (3).
416 1301 479 1370 Sed
514 1301 594 1368 illud
620 1301 710 1370 etiam
742 1302 780 1368 de
813 1301 1009 1386 gravioribus

63 1433 245 1516 criminibus
266 1411 494 1526 intelligentium
514 1432 647 1500 videtur.
670 1429 752 1499 Nam
773 1430 942 1497 absurdum
962 1447 1015 1496 es-

65 1577 140 1645 set,
170 1563 298 1632 modum
325 1563 481 1634 detinendi
511 1562 656 1662 cncedere
686 1559 784 1648 ipsam
804 1577 959 1644 poenam,
981 1563 1013 1624 et
1090 1637 1091 1640 3

64 1693 158 1768 elicui
173 1694 305 1772 csrceris
327 1693 482 1762 molestias
503 1690 629 1776 inferri,
659 1688 689 1760 si
705 1689 764 1756 ulia
784 1686 925 1756 custodia
945 1683 1014 1753 sui-

62 1822 161 1908 ficit,
179 1841 364 1908 omnemque
392 1819 607 1912 suspIcionem
638 1818 678 1886 de
704 1815 819 1886 iudicio
853 1813 1005 1884 nolendo

63 1971 206 2038 prorsum
212 1969 336 2024 amovet
352 1955 428 2042 (4).
668 2015 670 2024 .
843 2017 846 2024 ,
1008 1999 1012 2020 3.

67 2089 159 2169 3’0
199 2083 436 2150 observandum
463 2096 513 2149 eet
533 2083 621 2164 quod
638 2082 679 2150 td
697 2025 940 2166 praesumtiones
960 2092 1011 2146 ut·

59 2217 162 2298 tinet,
189 2215 218 2283 si
250 2215 390 2299 privatus
408 2213 593 2296 accusabat,
615 2212 908 2296 subscriptionem
897 2230 931 2280 tn
951 2214 1012 2290 cri·

17 2384 18 2387 =
59 2362 150 2426 men,
180 2340 438 2430 praesumtionem
464 2339 645 2426 praebuisse
677 2339 751 2408 satis
785 2357 950 2424 magnam,
972 2353 1010 2408 ut

15 2443 17 2448 V
57 2476 160 2562 iudex,
178 2493 235 2560 pro
251 2474 410 2568 unalitate
436 2473 597 2558 criminis,
620 2473 798 2544 ,custodiant
836 2471 1004 2558 graviorem

34 2597 112 2673 ⁴uun
130 2605 276 2672 leviorem
296 2605 455 2698 decernere
474 2619 596 2688 posset.
640 2604 818 2670 sinautem
838 2601 930 2670 iudex
952 2604 1005 2670 de·

54 2733 170 2800 latione
195 2728 292 2812 facta,
326 2748 365 2796 ex
391 2729 490 2796 officio
518 2727 552 2798 in
573 2728 688 2796 crimen
707 2729 906 2813 inquirebat,
927 2744 1005 2796 tuuc

53 2866 124 2930 sola
156 2863 357 2956 delationum
387 2859 580 2943 sufficiebat,
601 2875 637 2938 ut
658 2879 729 2926 rcus
751 2859 862 2927 carceri
883 2863 1005 2928 mtndu·
1045 2857 1047 2866 ’

53 2969 156 3080 retur,
186 2975 250 3064 sed¹
268 2966 381 3063 auditis
402 2991 561 3078 testibus,
582 2992 726 3078 factaque
746 2989 945 3078 inquisitione
966 2992 1004 3058 de

961 3141 1007 3190 ru·

127 3267 672 3406 >ConfiL303D.deCustod.reor,
865 3353 868 3362 ·
963 3377 971 3405 .-

110 3425 578 3512 u)Conf.coeuosusuussdl.
597 3443 626 3504 3.
644 3429 685 3493 D.
701 3427 760 3489 eod.
824 3497 828 3502 .
873 3447 889 3504 j
959 3413 960 3416 ¹
997 3477 1003 3506 r,

131 3531 203 3604 ll..
218 3546 250 3610 3
267 3531 309 3596 D.
326 3533 382 3606 eod.
802 3551 803 3554 ¹

109 3643 149 3716 ι.)
176 3637 263 3704 Consu
288 3655 479 3706 ctuuzouus
506 3642 597 3706 Prae.
626 3636 712 3702 (lin.
742 3655 772 3714 3.
800 3650 830 3713 3.
848 3647 959 3715 quaest..
944 3651 1012 3732 ‚aa

124 3761 171 3805 22.

88 3326 123 3409 (1

89 3429 126 3508 (1

91 3531 127 3611 (3

89 3635 108 3714 (

55 3762 74 3808 D
