2504 4770
85 1903 243 2100 Quum
270 1989 362 2056 finem
395 1989 508 2057 studiis
527 1989 705 2058 academicis
722 1969 1030 2075 impositurospeci-
1135 1975 1136 1978 ’

58 2117 59 2120 ’
85 2132 159 2180 men
179 2115 305 2196 aliquod
321 2116 396 2180 milri
410 2113 480 2181 ‘erat
497 2117 750 2185 conscribendum
761 2163 773 2198 ,
786 2119 932 2186 suadente
943 2138 1029 2202 pruc-

82 2255 212 2324 ceptore
239 2240 483 2308 aestimatissimo
504 2241 547 2308 V.
570 2242 624 2309 Ci.
647 2261 719 2308 nau
740 2261 837 2322 nux,
862 2245 939 2307 mihi
957 2263 1031 2326 pro·

84 2373 249 2452 posueram
269 2366 442 2451 inquirere,
461 2383 621 2449 quemnam
635 2367 726 2433 finem
746 2367 822 2435 varii
843 2368 955 2452 populi
966 2365 1032 2434 sibi

86 2493 308 2577 proposuerint
343 2491 375 2559 in
395 2511 496 2578 poena
510 2494 640 2560 omens
662 2493 891 2578 constituenda3
914 2495 1031 2580 quibus
1083 2479 1085 2484 ’

86 2587 191 2686 modis
217 2619 258 2686 ad
286 2619 370 2684 nunc
399 2618 489 2684 finem
518 2618 717 2702 propositum
742 2621 900 2708 pervenire
928 2623 1031 2690 eonati

84 2748 227 2832 fuerint3
252 2760 286 2812 et
316 2763 465 2828 quosnam
484 2744 613 2814 effectus
633 2746 812 2842 variimodi
832 2743 1031 2816 incarceratos

84 2874 265 2956 domandi,
286 2874 320 2942 in
339 2874 582 2958 delinquentium
603 2877 842 2946 emendationem
864 2879 914 2947 vel
931 2877 966 2945 'in
989 2880 1033 2946 ci·

86 3002 192 3072 vitaris
222 3002 400 3086 civiumque
433 3003 626 3072 securitatem
658 3005 843 3092 habuerint3
869 3006 1032 3090 praecipua

85 3133 211 3214 'autenm‘
233 3131 308 3213 quid
328 3131 488 3197 recentiori
507 3145 644 3216 tempore
663 3132 697 3198 in
715 3133 873 3200 Americre
892 3134 1032 3218 partibus

86 3233 380 3344 septentrionalibus
414 3258 547 3341 aliisque
579 3237 786 3343 regionibus,
815 3259 856 3328 ad
875 3276 1029 3328 carcerum

87 3385 332 3454 emendationem
364 3382 480 3452 factum
515 3385 555 3452 sit
586 3399 619 3454 ct
652 3404 717 3470 quo
742 3359 817 3453 cum
838 3380 974 3468 effectu,
996 3400 1033 3452 ut

88 3505 212 3584 amdan
233 3530 270 3577 err
291 3511 339 3578 his
360 3511 503 3578 omnibus
524 3525 703 3596 constaret,
730 3529 796 3594 quo
816 3511 912 3578 modo
930 3527 1034 3576 carce-

81 3629 137 3722 ris
163 3659 261 3724 poena
287 3639 410 3707 institui
430 3639 551 3721 debeat,
574 3640 725 3722 siquidem
745 3657 782 3738 ea
801 3657 902 3725 scopo
921 3655 1035 3725 poena·

8 3755 12 3774 '
90 3785 164 3834 ram
188 3787 276 3851 quam
297 3767 424 3838 maxime
445 3767 652 3854 respondebit.
818 3737 823 3754 Ν
860 3814 862 3817 f

605 3896 637 3966 Δ
978 3895 1039 3968 Ar-
