2504 4770
577 345 828 390 ...10—

277 521 384 588 Variae
399 540 430 604 ,a
460 521 552 587 variis
585 521 789 604 scriptoribus
817 520 945 588 carceris
980 519 1177 594 definitiones

233 653 404 722 traduntur.
449 653 545 719 Recte
569 667 670 728 autem
699 669 798 716 carcer
829 651 889 716 dici
909 667 1002 732 posse
1023 649 1172 728 videturr

234 785 332 866 loeus,
353 788 411 870 qui
430 787 570 852 inscruit
592 782 639 849 ad
657 782 833 850 custodiam
855 803 977 865 aarum,
1000 789 1107 872 quiob
1120 769 1178 856 de·

232 913 344 978 lictum
377 911 432 978 acl
461 911 564 976 alium
590 931 724 977 causam
748 915 941 984 rerrmurur
960 916 1080 982 inclusi
1101 918 1175 1003 (1).

222 1039 296 1128 'Sed
323 1037 397 1102 haec
428 1035 564 1102 definitio
591 1039 733 1104 universe
761 1039 799 1104 de
828 1055 945 1106 carcere
974 1041 1086 1124 agitet
1107 1062 1178 1113 om.

234 1185 304 1238 nem
334 1165 423 1232 etiam
444 1164 599 1246 privatum
618 1181 766 1230 carcerem
786 1164 950 1247 continet,
972 1185 1067 1247 quare
1087 1168 1116 1234 si
1137 1171 1178 1238 de

233 1293 360 1378 publico
381 1311 499 1365 carcere
517 1287 704 1374 'loquimun
720 1291 979 1372 meiiusfdieiturr
1003 1297 1092 1362 iocus
1111 1313 1177 1386 pu-

231 1426 357 1507 blicas,
380 1423 443 1490 sive
458 1421 587 1512 publice
610 1420 657 1487 ad
674 1419 854 1490 custodiam
875 1419 1069 1526 destinatum
1148 1459 1150 1462 ·

276 1559 414 1624 Fuerunt
440 1576 511 1624 sane
538 1557 655 1624 Romae
685 1575 818 1624 carceres
847 1555 935 1622 etiam
966 1557 1098 1640 privati,
1131 1559 1180 1626 uti

231 1703 270 1752 ex
299 1684 365 1767 lege
391 1681 551 1756 duodecim
574 1681 763 1760 Tabularum
779 1681 821 1750 de
838 1681 1067 1780 arabarchus,
1087 1699 1120 1750 et
1141 1705 1180 1758 ex

230 1809 326 1878 titulo
353 1809 480 1876 Codicis
501 1808 541 1877 de
556 1811 701 1898 privatis
721 1811 907 1881 carceribus
928 1810 1111 1879 inhibendis
1132 1814 1182 1882 in-

234 1935 391 2018 telligitur.
436 1924 480 2002 Hi
500 1931 632 2003 carceres
654 1952 736 2005 certe
757 1953 839 2035 erant
860 1940 926 2008 loca
946 1940 1076 2022 privata.
1119 1942 1182 2010 Sed

236 2075 311 2134 sunt
330 2061 442 2142 eriam,
464 2061 521 2146 qui
541 2064 725 2132 contendant
745 2065 873 2145 locum,
897 2084 960 2149 quo
982 2065 1100 2134 Romae
1121 2088 1181 2152 pu·

234 2191 314 2262 blica
344 2190 521 2258 auctoritate
553 2190 639 2261 noxii
665 2191 921 2278 custodirentur,
960 2195 1025 2260 non
1057 2211 1180 2278 semper

234 2303 333 2394 fuisse
349 2349 351 2358 ’
365 2325 524 2407 publicum
559 2324 628 2410 (a).
673 2295 852 2387 Observant
881 2323 1005 2388 domum
1033 2324 1181 2407 privatam

235 2454 399 2536 aliquando
432 2473 450 2520 a
483 2447 709 2534 magistratibus
743 2461 895 2529 tamquam
917 2469 1065 2518 carcerem
1087 2461 1183 2518 usur-

232 2580 326 2666 pari,
363 2594 417 2648 aut
450 2575 608 2646 deficiente
637 2573 712 2641 loco
737 2573 870 2658 publice
903 2573 942 2642 ad
960 2575 1053 2642 aare
1088 2583 1182 2646 usum

236 2699 413 2792 destinato,
460 2721 513 2776 aut
548 2706 576 2774 si
614 2705 646 2772 ia
686 2703 858 2798 carceribus
894 2703 1026 2802 publicis
1072 2707 1182 2774 nuilus

231 2829 368 2921 amplius
396 2841 480 2918 patet
499 2835 590 2901 novis
611 2832 849 2904 adventantibus
870 2834 971 2901 locus.
1016 2834 1096 2899 Hoc·
1109 2853 1183 2902 om·

232 2965 310 3038 ,ariao
340 2977 546 3042 sermnem,
583 2962 639 3028 sed
673 2961 743 3030 inde
774 2979 838 3028 non
865 2962 1029 3045 sequitur,
1051 2963 1183 3048 iocum,

240 3115 306 3178 quo
339 3095 421 3180 apud
450 3093 608 3161 Romanu
642 3094 820 3162 auctoritare
850 3093 973 3178 publica
1000 3094 1084 3160 noxii
1105 3115 1184 3162 cus-

229 3225 457 3310 rodebantur,
491 3241 555 3296 noa
587 3241 705 3310 semper
730 3222 829 3294 fuisse
856 3225 967 3294 'locum
993 3223 1183 3310 publicum,

1122 3366 1186 3422 eie·

250 3597 252 3604 y
276 3521 332 3605 (1)
351 3520 441 3584 conf,
459 3539 489 3582 e.
507 3531 717 3582 aomaaaurreus
736 3521 879 3581 Tractatru
896 3520 930 3580 de
947 3537 1055 3580 carcere
1072 3531 1102 3578 et
1123 3537 1179 3578 an.

239 3633 312 3702 riqar
329 3632 385 3687 eius
403 3643 451 3685 asu
469 3639 533 3700 cap.
556 3641 582 3685 r.
599 3629 628 3684 in
646 3624 780 3704 Suppierrr.
792 3631 934 3704 utriusque
944 3623 1072 3698 Thesauri
1084 3623 1184 3704 Aatiq.

242 3734 340 3794 Graec.
357 3743 385 3792 ei
404 3731 481 3790 Rom.
501 3730 559 3790 Vol.
578 3719 607 3787 ἸΙ
613 3729 637 3787 Ι.
768 3799 771 3804 ¹

275 3830 332 3918 (a)
352 3831 417 3898 Vid.
436 3822 648 3895 aouaaurrrreus
668 3821 692 3898 i.
704 3823 731 3895 i.
762 3829 764 3832 ’
