2504 4770
62 533 125 598 suo·
149 532 291 618 tempore
318 529 355 602 'in
381 535 530 604 Romano
546 529 685 622 imperio
701 519 816 606 monus
830 543 918 610 esset
934 521 1005 612 ¹reo*-

63 665 133 730 'rurn
160 663 415 749 uincimnorum,
435 675 521 752 ‘quae
539 665 645 750 uitia,
672 669 727 752 qui
741 669 864 739 'abusus
880 653 917 740 'in
936 679 1004 742 cat·

62 795 169 859 t'eru'm
188 796 447 866 adnnimrauone
467 791 676 866 haberemur.-

106 923 329 1008 Angumeutom
363 927 457 996 huius
487 921 706 1010 ‘disputationis
731 923 775 992 ita
796 925 855 992 ‘nie
883 925 1005 1009 'optime

64 1045 262 1115 manorum
285 1051 358 1118 esse
380 1044 517 1132 xnoenu,
542 1043 644 1117 *stae
671 1049 750 1122 uua
766 1033 908 1136 uonna
924 1045 1006 1136 nu3

21 1169 22 1172 ’
60 1191 145 1268 ιιιιιιε
166 1193 326 1241 rennuens
347 1179 380 1242 e'a
393 1177 434 1241 iit
451 1165 589 1244 ‘omninno
607 1167 1006 1264 instuit-,Ufflnr'dfflia

66 1303 214 1374 sitionem
243 1303 392 1372 referrem.
434 1307 645 1374 Gravissimus
671 1307 744 1374 mihi
776 1308 861 1376 visos
892 1323 1007 1390 est‚e

68 1449 136 1516 quo
167 1432 226 1498 hoc
250 1449 462 1517 argumentum
482 1437 603 1518 pionius
622 1453 884 1522 cognosceretur,
907 1437 1006 1518 fons,

69 1577 197 1628 cruunu
219 1560 270 1630 iiia
298 1563 416 1632 oratio:
440 1562 530 1630 docet
551 1564 630 1630 enim
652 1565 727 1645 iiia,
748 1581 892 1646 quaenam
915 1562 1009 1632 fuerit

67 1708 107 1756 eo
127 1703 264 1774 tempore
285 1710 320 1760 ea
339 1692 378 1760 de
398 1711 432 1768 re
451 1693 605 1779 cogitandi
626 1694 714 1782 ratio,
729 1707 760 1760 et
772 1692 1008 1760 constitutiones

65 1819 303 1902 imperatorum,
324 1839 403 1906 quae
423 1824 459 1890 ea
480 1836 553 1890 sunt
573 1822 780 1906 antiquiores,
794 1823 922 1890 multum
937 1823 1011 1892 inde
1049 1851 1052 1858 ·

67 1948 277 2030 illustrantur,
312 1964 379 2018 turn
412 1969 485 2018 vero
514 1949 603 2020 etiam
635 1967 792 2018 erasurus
825 1967 864 2015 eo
884 1951 955 2014 loeo
975 1956 1011 2018 ea

70 2077 143 2144 vitia
171 2076 315 2155 notavit,
350 2095 428 2160 quae
455 2074 630 2159 praesertim
661 2089 825 2162 sequentes
845 2075 1020 2158 Imperare·

15 2221 16 2224 ’
70 2223 122 2272 res
142 2198 418 2270 constitutionibus
440 2201 547 2266 toliere
567 2198 669 2266 conati
689 2211 774 2264 sunt.
828 2215 830 2220 ’

111 2331 241 2410 Fateor,
263 2327 419 2410 potuisset
441 2307 500 2394 hoc
521 2338 731 2408 argumentum
758 2321 849 2390 iatius
870 2324 958 2392 etiam
980 2339 1012 2392 et

67 2455 241 2524 'aceruatius
262 2453 395 2532 tencteri,
410 2425 585 2536 potuissent
607 2447 703 2532 magis
724 2449 812 2516 etiam
835 2469 872 2517 ex
886 2451 1012 2520 historia

69 2585 171 2667 legum
192 2600 300 2648 causae
320 2581 436 2660 diduci,
451 2582 506 2646 sed
526 2579 648 2646 brevior
668 2577 717 2642 vei
738 2577 807 2644 ideo
828 2553 897 2650 esse
908 2584 1011 2665 potui,

71 2710 144 2790 quia
172 2707 303 2774 eximiae
323 2706 376 2773 Cl.
406 2705 463 2771 viri
491 2723 537 2772 ne
565 2725 683 2773 nuoen
713 2708 953 2786 Dissertationes
975 2709 1014 2776 de

33 2855 35 2858 ’
71 2833 188 2922 effectu
215 2836 381 2923 religionis
410 2831 623 2900 Christianae
655 2837 691 2900 io
711 2829 1010 2923 iurisprudeutr'am

74 2965 256 3034 Romanam
273 2942 339 3025 'tam
359 2957 477 3042 egregie
499 2958 653 3042 religionis
678 2960 869 3031 Christianae
893 2961 954 3028 vim
981 2968 1015 3032 in

71 3091 233 3171 complura
248 3085 323 3152 iuris
345 3085 461 3167 capita,
478 3085 510 3150 in
530 3084 606 3152 illud
626 3087 726 3167 enam,
741 3088 826 3170 quod
845 3107 904 3154 nos
919 3105 1014 3172 'expo-

75 3236 145 3286 nere
165 3211 267 3284 conati
287 3229 410 3309 snmus,
433 3212 683 3293 declaraverunt,
705 3191 739 3280 ut
761 3215 861 3281 latiori
882 3216 1000 3296 explica

76 3347 159 3418 tione
182 3347 230 3410 vel
250 3345 319 3412 ideo
340 3341 427 3424 facile
448 3340 600 3408 abstinete
621 3345 784 3426 potuerim.

77 3463 80 3468 ’
116 3478 178 3544 Sed
210 3489 371 3558 antequam
404 3473 442 3540 ad
475 3455 579 3554 ipsum
610 3486 821 3556 argumentum
844 3487 948 3538 meum
967 3491 1017 3538 ac·

78 3573 206 3686 cedern,
238 3621 334 3670 unum
365 3597 620 3670 iucundissimum
640 3597 786 3687 piumque
807 3597 941 3668 officium
962 3601 1019 3668 nti·

79 3734 110 3804 hi
130 3750 231 3808 restat.
254 3733 354 3804 Vobis
375 3731 491 3828 sciiicet
511 3729 655 3796 omnibus
678 3729 750 3798 VV.
773 3728 862 3814 cn,
886 3748 1025 3816 quotum*
1073 3803 1074 3806 ,

461 3863 464 3876 ’
541 3857 613 3944 A4
959 3859 1022 3928 lec.
