2498 4764
590 378 855 456 ...w-..s

262 583 266 594 Ι
295 601 324 692 .'
407 629 440 720 3.
465 654 495 720 3.
538 601 693 704 Tollenda
714 636 819 704 omnia
841 632 904 704 ella
925 631 1022 705 stitia.
1048 617 1050 624 ’

261 1015 268 1024 ,
289 943 377 1030 Quae
407 943 441 1008 in
459 941 657 1026 praecedente
677 939 862 1025 paragrapho
883 941 1113 1024 exposuimus,
1125 951 1188 1012 tatis

246 1067 485 1151 iniustorum,
519 1084 550 1136 et
579 1071 727 1138 humanae
755 1083 876 1136 naturae
906 1068 1132 1152 repugnantia,
1151 1080 1186 1134 ut

245 1200 298 1265 vix
331 1198 475 1268 credibile
503 1211 604 1279 esset,
640 1198 709 1264 talia
739 1198 873 1264 accidere
899 1216 995 1280 posse
1015 1197 1048 1263 in
1067 1199 1189 1284 regione

245 1329 348 1410 aliqua
377 1329 494 1396 artibus
523 1329 722 1411 scientiisque
751 1327 870 1413 polita,
897 1341 999 1410 neque
1027 1331 1117 1398 omni
1137 1333 1190 1398 hu·

250 1459 403 1528 munitatis
425 1477 519 1526 sensu
540 1458 708 1539 destituta,
729 1454 791 1522 nisi
812 1456 996 1540 experientia
1019 1460 1197 1551 docuisset,v

249 1584 367 1672 nostris
396 1583 484 1650 etiam
518 1583 711 1665 temporibus
740 1585 824 1666 apud
845 1584 1071 1650 excultissimos
1092 1587 1194 1656 Euro·

248 1737 341 1806 ropae
371 1714 506 1798 populos
535 1729 668 1796 carceres
695 1726 757 1778 tam
778 1714 854 1778 male
875 1731 1102 1796 nonnunquam
1121 1733 1192 1810 conf

248 1808 411 1928 structos{
433 1857 486 1911 aut
507 1859 619 1926 magno
640 1859 768 1908 numero
797 1840 1037 1925 delinquentium
1057 1859 1119 1910 tam
1140 1844 1197 1938 ing

247 1975 451 2068 pictoreum,
468 1987 503 2040 ut
524 1972 733 2060 periculosum
747 1969 787 2036 sit
805 1970 837 2036 in
858 1989 1008 2038 carcerem
1029 1971 1138 2040 intrare
1152 1968 1195 2038 ob

246 2119 423 2189 corruptum
455 2107 576 2184 aerem3
600 2114 631 2167 et
659 2099 686 2167 si
706 2118 770 2172 non
791 2118 898 2166 omnes
919 2099 968 2167 his
989 2102 1077 2170 malis
1107 2104 1196 2172 mori·

246 2253 362 2317 antur,
383 2249 464 2300 certe
485 2231 575 2314 pauci
596 2230 661 2295 sani
681 2229 751 2296 inde
765 2228 955 2314 egrediantur
977 2233 1048 2319 (ι).
1077 2230 1196 2300 Eorum

246 2379 347 2427 autom
385 2358 439 2440 qui
469 2357 543 2421 brec
572 2351 768 2439 patiebantur
789 2353 878 2422 multi
899 2356 967 2423 leve
987 2357 1118 2441 aliquod
1139 2359 1198 2426 cri·

247 2505 317 2553 men
338 2486 577 2565 commiserant,
602 2485 725 2566 quidam
746 2504 876 2570 prorsus
891 2461 1074 2557 innocentes
1095 2506 1197 2588 erant,

246 2616 352 2683 nullus
397 2631 461 2682 non
505 2611 619 2681 iniuste
655 2610 807 2695 ¹quemuis
842 2615 1009 2710 cruciatum
1057 2619 1198 2702 ferebat,

248 2743 366 2828 quippe
403 2740 552 2840 nondum⁸
577 2742 808 2810 condemnatus.
863 2743 980 2812 Nullus
1014 2745 1096 2814 enim
1129 2761 1199 2812 ante

541 2871 545 2877 ’
869 2863 872 2868 ’
1089 2862 1200 2964 ]sen-

284 3029 339 3114 (r)
368 3035 461 3094 Multa
482 3037 610 3112 exempla
626 3035 709 3111 hujus
728 3039 771 3098 rei
791 3053 949 3100 occurrunt
968 3041 996 3102 iu
1015 3057 1106 3118 opere
1120 3039 1198 3116 quod

247 3141 284 3201 de
303 3141 465 3199 carceribus
485 3142 599 3217 scripsit
616 3142 669 3200 Vir
688 3139 898 3204 Celeberrimos
917 3163 1058 3207 unwano.
1080 3149 1120 3207 Et
1137 3164 1201 3206 me-

247 3246 314 3304 mini
333 3259 377 3302 me
396 3244 513 3318 legisse,
533 3246 561 3302 ni
580 3243 680 3316 fallor,
701 3246 729 3302 in
748 3245 849 3304 eodem
869 3249 965 3308 libror
991 3249 1150 3322 Aliquando
1169 3253 1200 3310 in

247 3350 369 3423 Augila,
388 3348 512 3405 carceris
531 3347 650 3421 alicuius
670 3361 766 3407 omues
784 3351 986 3424 inhabitantes,
1006 3367 1060 3412 tam
1073 3357 1203 3428 graviter

248 3453 363 3522 affectos
393 3451 480 3511 fuisse
503 3453 606 3511 morbo
627 3453 790 3513 carceribus
809 3458 928 3530 proprio
946 3452 1028 3532 (gaol
1045 3459 1148 3539 sever)
1166 3475 1200 3520 nr

141 3621 144 3626 ἱ
249 3573 335 3628 quum
354 3555 463 3614 tandem
482 3569 500 3612 e
519 3570 636 3613 carcere
655 3553 830 3617 ducebantur
856 3561 884 3616 in
903 3560 1060 3635 iudicium,
1080 3563 1199 3622 ducenti
1235 3583 1239 3587 ’

248 3655 375 3717 homiues
394 3673 482 3718 tame
505 3656 631 3730 judicum
651 3661 770 3717 numero
794 3675 875 3733 quam
894 3663 1077 3743 auditorum,
1097 3667 1203 3730 eodem

249 3759 352 3820 morbo
368 3761 462 3822 affecti
476 3795 489 3832 ,κ
505 3757 608 3822 deinde
627 3762 839 3824 occubuerint..¹
861 3819 874 3842 ἵ.
889 3797 927 3834 7·.
1036 3799 1039 3806 ⁴
1154 3763 1161 3770 “
