2498 4764
539 425 617 468 .„-
662 391 721 455 106
762 421 828 448 -.-

673 587 728 652 lx.

239 775 246 794 ‘
267 791 321 858 Ins
342 792 453 876 gratiae
472 809 594 858 summo
615 789 776 873 Imperanti
797 788 866 854 ideo
887 798 1005 852 tantum
1027 773 1165 852 tribian-

218 925 299 1004 rdnm
334 937 480 1016 videtur,¹
511 915 783 1019 quialegislatores
805 947 911 996 omnes
933 948 1035 994 rerum
1056 949 1163 995 causas

219 1061 384 1162 'providere
417 1090 584 1158 nequeunt.
641 1075 713 1140 Ideo
743 1072 909 1138 laudandus
950 1069 1078 1135 maxime
1117 1049 1163 1134 esi

217 1219 403 1298 imperans,
426 1217 480 1297 qui
501 1215 560 1279 hoc
582 1215 647 1280 iure
676 1187 741 1278 non
763 1215 879 1294 utitur,
901 1213 960 1278 nisi
981 1213 1103 1294 quando
1124 1191 1170 1278 ie·

224 1357 278 1444 'ges
299 1358 438 1425 conditas
459 1357 593 1440 exequi,
614 1357 760 1424 naturalis
781 1356 910 1422 iustitiae
937 1374 1011 1422 cura
1032 1370 1124 1422 vetat.

679 1501 741 1594 X..

228 1769 232 1778 ,
265 1700 340 1776 Non
361 1700 543 1768 assentimur
563 1719 728 1766 crcnnorn
749 1699 860 1766 dicenti
883 1705 920 1765 in
942 1702 1000 1766 lib.
1032 1701 1071 1768 de
1093 1703 1171 1768 Gla·

227 1846 481 1942 firmantibus
501 1843 552 1928 cni
575 1843 686 1908 titulus
695 1844 820 1908 Brutus
830 1864 842 1905 .·
871 1859 1028 1924 nunquam
1054 1845 1091 1909 de
1113 1844 1169 1910 bn
1184 1885 1197 1908 r-

225 2005 267 2082 ρο
301 2001 420 2050 oratore
442 1999 494 2049 aut
530 2001 595 2049 non
627 1983 736 2066 bono,
771 1984 868 2049 doctis
892 1983 1070 2065 horninibus
1092 2004 1196 2060 cum

224 2130 344 2213 populo
365 2127 585 2194 dissensionem
607 2146 686 2194 esse.

569 2323 571 2328 ·
673 2259 727 2364 in.

227 2495 232 2504 ·
263 2468 373 2536 Errare
396 2441 548 2528 vitientur
578 2465 632 2543 qui
660 2478 801 2528 statuunt
829 2466 972 2548 ergastuli
989 2435 1170 2551 'et'pistrini

223 2621 352 2693 paenam
385 2626 403 2672 a
432 2605 579 2672 Romanis
612 2619 731 2674 tantum
765 2609 802 2674 ad
837 2599 943 2674 servos
970 2597 1171 2707 vcoercendos
1193 2671 1204 2678 .,

224 2751 391 2818 adhibitam
413 2749 524 2818 fuisse.
549 2743 551 2750 ’
592 2773 595 2776 ·

439 2869 445 2878 ”
663 2900 731 2964 xn.

263 3069 393 3132 Summo
413 3067 478 3135 iure
498 3067 618 3150 iegibus
640 3067 790 3134 Romanis
811 3069 1013 3136 constitutum
1035 3069 1109 3153 fuit,
1132 3089 1169 3139 ut

222 3203 531 3292 earcerdiuturnus,
554 3199 623 3277 ante
644 3213 846 3296 sententiam,
860 3233 950 3280 eausa
973 3228 1053 3282 esset
1070 3236 1185 3296 quan-¹

224 3357 339 3450 doque
346 3373 462 3439 poenae
487 3355 677 3422 minuendae.

655 3527 738 3593 Xlli.

232 3677 415 3780 “Quamvis
449 3718 511 3766 non
538 3691 723 3768 assentimur
756 3702 833 3768 Viro
857 3703 963 3772 Celeb.
988 3723 1008 3770 1.
1037 3725 1170 3774 corno-

296 3796 299 3802 .
1166 3797 1173 3822 ,

1084 3867 1169 3916 PRE-
